timestamp;buyer;seller;symbol;currency;price;quantity
100;;;KELP;SEASHELLS;2041.0;4
100;;;RAINFOREST_RESIN;SEASHELLS;10002.0;1
300;;;RAINFOREST_RESIN;SEASHELLS;9998.0;2
300;;;RAINFOREST_RESIN;SEASHELLS;9998.0;1
300;;;KELP;SEASHELLS;2037.0;6
500;;;KELP;SEASHELLS;2044.0;1
500;;;RAINFOREST_RESIN;SEASHELLS;10004.0;1
500;;;RAINFOREST_RESIN;SEASHELLS;10002.0;1
1300;;;KELP;SEASHELLS;2040.0;2
1400;;;KELP;SEASHELLS;2036.0;1
1500;;;KELP;SEASHELLS;2041.0;1
1500;;;RAINFOREST_RESIN;SEASHELLS;10002.0;1
1700;;;RAINFOREST_RESIN;SEASHELLS;10005.0;6
2400;;;KELP;SEASHELLS;2042.0;10
2700;;;RAINFOREST_RESIN;SEASHELLS;9998.0;5
2800;;;KELP;SEASHELLS;2041.0;1
2900;;;RAINFOREST_RESIN;SEASHELLS;9998.0;1
3100;;;KELP;SEASHELLS;2035.0;1
3300;;;RAINFOREST_RESIN;SEASHELLS;9996.0;2
3300;;;RAINFOREST_RESIN;SEASHELLS;9996.0;2
3700;;;KELP;SEASHELLS;2040.0;1
3700;;;KELP;SEASHELLS;2037.0;4
3800;;;KELP;SEASHELLS;2034.0;11
4200;;;KELP;SEASHELLS;2035.0;2
4200;;;KELP;SEASHELLS;2035.0;3
4300;;;RAINFOREST_RESIN;SEASHELLS;9996.0;1
4300;;;RAINFOREST_RESIN;SEASHELLS;9996.0;2
4300;;;RAINFOREST_RESIN;SEASHELLS;9995.0;1
4300;;;KELP;SEASHELLS;2035.0;1
4400;;;KELP;SEASHELLS;2035.0;1
4400;;;RAINFOREST_RESIN;SEASHELLS;9998.0;1
4800;;;RAINFOREST_RESIN;SEASHELLS;10002.0;3
4800;;;KELP;SEASHELLS;2039.0;1
4900;;;RAINFOREST_RESIN;SEASHELLS;9998.0;1
4900;;;RAINFOREST_RESIN;SEASHELLS;9998.0;4
5400;;;KELP;SEASHELLS;2035.0;6
6700;;;RAINFOREST_RESIN;SEASHELLS;10002.0;4
6800;;;KELP;SEASHELLS;2030.0;2
6800;;;RAINFOREST_RESIN;SEASHELLS;9996.0;1
6800;;;RAINFOREST_RESIN;SEASHELLS;9996.0;1
6800;;;RAINFOREST_RESIN;SEASHELLS;9998.0;1
6900;;;KELP;SEASHELLS;2035.0;1
7200;;;RAINFOREST_RESIN;SEASHELLS;10004.0;1
7200;;;KELP;SEASHELLS;2036.0;1
7300;;;KELP;SEASHELLS;2030.0;15
7400;;;RAINFOREST_RESIN;SEASHELLS;10002.0;1
7700;;;KELP;SEASHELLS;2035.0;1
7700;;;KELP;SEASHELLS;2036.0;1
7700;;;RAINFOREST_RESIN;SEASHELLS;10005.0;1
7800;;;KELP;SEASHELLS;2036.0;1
7900;;;KELP;SEASHELLS;2035.0;1
7900;;;RAINFOREST_RESIN;SEASHELLS;10002.0;1
8100;;;KELP;SEASHELLS;2037.0;14
8200;;;RAINFOREST_RESIN;SEASHELLS;9998.0;1
8300;;;KELP;SEASHELLS;2037.0;11
8900;;;RAINFOREST_RESIN;SEASHELLS;10002.0;5
9300;;;KELP;SEASHELLS;2034.0;4
9600;;;KELP;SEASHELLS;2034.0;1
9600;;;KELP;SEASHELLS;2034.0;1
10100;;;KELP;SEASHELLS;2033.0;4
10300;;;KELP;SEASHELLS;2035.0;2
10300;;;RAINFOREST_RESIN;SEASHELLS;10004.0;2
10600;;;RAINFOREST_RESIN;SEASHELLS;9998.0;1
10600;;;RAINFOREST_RESIN;SEASHELLS;9998.0;1
10700;;;KELP;SEASHELLS;2029.0;6
10800;;;RAINFOREST_RESIN;SEASHELLS;10002.0;1
10800;;;KELP;SEASHELLS;2029.0;1
11100;;;RAINFOREST_RESIN;SEASHELLS;9996.0;2
11300;;;KELP;SEASHELLS;2034.0;6
11400;;;RAINFOREST_RESIN;SEASHELLS;9998.0;1
12000;;;KELP;SEASHELLS;2032.0;15
12100;;;KELP;SEASHELLS;2026.0;2
12100;;;RAINFOREST_RESIN;SEASHELLS;10002.0;1
12300;;;RAINFOREST_RESIN;SEASHELLS;10002.0;1
12500;;;RAINFOREST_RESIN;SEASHELLS;10002.0;5
13300;;;KELP;SEASHELLS;2034.0;1
13600;;;KELP;SEASHELLS;2033.0;5
13700;;;RAINFOREST_RESIN;SEASHELLS;9998.0;1
14000;;;KELP;SEASHELLS;2035.0;1
14000;;;RAINFOREST_RESIN;SEASHELLS;9996.0;1
14300;;;KELP;SEASHELLS;2029.0;1
14500;;;KELP;SEASHELLS;2029.0;1
14500;;;KELP;SEASHELLS;2032.0;2
14800;;;KELP;SEASHELLS;2029.0;1
15000;;;KELP;SEASHELLS;2029.0;1
15100;;;KELP;SEASHELLS;2033.0;1
15100;;;RAINFOREST_RESIN;SEASHELLS;10002.0;1
15200;;;KELP;SEASHELLS;2029.0;7
15400;;;RAINFOREST_RESIN;SEASHELLS;10002.0;1
15400;;;KELP;SEASHELLS;2033.0;1
15500;;;KELP;SEASHELLS;2028.0;4
15500;;;KELP;SEASHELLS;2033.0;1
15800;;;KELP;SEASHELLS;2028.0;11
15800;;;RAINFOREST_RESIN;SEASHELLS;9998.0;4
16200;;;KELP;SEASHELLS;2033.0;1
16700;;;KELP;SEASHELLS;2028.0;1
16800;;;KELP;SEASHELLS;2035.0;2
16800;;;RAINFOREST_RESIN;SEASHELLS;10002.0;2
17100;;;KELP;SEASHELLS;2028.0;1
17300;;;RAINFOREST_RESIN;SEASHELLS;9998.0;1
18000;;;KELP;SEASHELLS;2030.0;5
18200;;;KELP;SEASHELLS;2033.0;1
18600;;;RAINFOREST_RESIN;SEASHELLS;10002.0;1
18700;;;KELP;SEASHELLS;2033.0;3
18700;;;KELP;SEASHELLS;2033.0;5
18700;;;KELP;SEASHELLS;2033.0;12
18900;;;KELP;SEASHELLS;2036.0;2
18900;;;RAINFOREST_RESIN;SEASHELLS;10004.0;1
19000;;;KELP;SEASHELLS;2034.0;2
19000;;;KELP;SEASHELLS;2030.0;1
20100;;;KELP;SEASHELLS;2039.0;10
20100;;;RAINFOREST_RESIN;SEASHELLS;9998.0;1
20100;;;KELP;SEASHELLS;2039.0;2
20500;;;KELP;SEASHELLS;2037.0;10
20600;;;KELP;SEASHELLS;2040.0;1
20600;;;RAINFOREST_RESIN;SEASHELLS;10004.0;1
20800;;;KELP;SEASHELLS;2039.0;1
20900;;;RAINFOREST_RESIN;SEASHELLS;10004.0;1
21100;;;KELP;SEASHELLS;2034.0;2
21100;;;RAINFOREST_RESIN;SEASHELLS;9998.0;1
21100;;;RAINFOREST_RESIN;SEASHELLS;9998.0;1
21600;;;RAINFOREST_RESIN;SEASHELLS;10002.0;1
21600;;;KELP;SEASHELLS;2035.0;1
21900;;;RAINFOREST_RESIN;SEASHELLS;9996.0;1
21900;;;KELP;SEASHELLS;2036.0;1
22000;;;KELP;SEASHELLS;2038.0;2
22000;;;RAINFOREST_RESIN;SEASHELLS;10000.0;2
22000;;;KELP;SEASHELLS;2036.0;1
22100;;;RAINFOREST_RESIN;SEASHELLS;9996.0;1
22100;;;KELP;SEASHELLS;2035.0;1
22400;;;RAINFOREST_RESIN;SEASHELLS;10002.0;2
22400;;;RAINFOREST_RESIN;SEASHELLS;10002.0;1
22500;;;RAINFOREST_RESIN;SEASHELLS;10002.0;6
22700;;;KELP;SEASHELLS;2043.0;9
23200;;;RAINFOREST_RESIN;SEASHELLS;9998.0;1
23300;;;KELP;SEASHELLS;2041.0;2
23700;;;KELP;SEASHELLS;2044.0;5
23900;;;KELP;SEASHELLS;2042.0;1
24200;;;RAINFOREST_RESIN;SEASHELLS;9998.0;1
24300;;;RAINFOREST_RESIN;SEASHELLS;10002.0;1
24300;;;RAINFOREST_RESIN;SEASHELLS;10002.0;5
24500;;;RAINFOREST_RESIN;SEASHELLS;9998.0;1
24500;;;RAINFOREST_RESIN;SEASHELLS;9998.0;1
24500;;;KELP;SEASHELLS;2037.0;1
24700;;;RAINFOREST_RESIN;SEASHELLS;10004.0;1
24700;;;KELP;SEASHELLS;2044.0;1
25100;;;KELP;SEASHELLS;2043.0;2
25100;;;RAINFOREST_RESIN;SEASHELLS;10005.0;2
25300;;;RAINFOREST_RESIN;SEASHELLS;9996.0;1
25300;;;KELP;SEASHELLS;2036.0;1
25400;;;KELP;SEASHELLS;2042.0;1
25400;;;RAINFOREST_RESIN;SEASHELLS;10004.0;1
26500;;;KELP;SEASHELLS;2043.0;1
26500;;;RAINFOREST_RESIN;SEASHELLS;10002.0;2
26500;;;KELP;SEASHELLS;2044.0;1
26500;;;KELP;SEASHELLS;2044.0;1
26600;;;RAINFOREST_RESIN;SEASHELLS;10002.0;3
26700;;;KELP;SEASHELLS;2041.0;2
26900;;;RAINFOREST_RESIN;SEASHELLS;9998.0;1
27400;;;RAINFOREST_RESIN;SEASHELLS;10004.0;1
27600;;;RAINFOREST_RESIN;SEASHELLS;9998.0;1
27700;;;KELP;SEASHELLS;2042.0;3
27700;;;RAINFOREST_RESIN;SEASHELLS;9996.0;2
27700;;;RAINFOREST_RESIN;SEASHELLS;9996.0;4
27900;;;RAINFOREST_RESIN;SEASHELLS;9998.0;4
28000;;;RAINFOREST_RESIN;SEASHELLS;10002.0;1
28000;;;KELP;SEASHELLS;2045.0;1
28100;;;KELP;SEASHELLS;2040.0;2
28100;;;RAINFOREST_RESIN;SEASHELLS;9995.0;1
28100;;;KELP;SEASHELLS;2039.0;1
28100;;;KELP;SEASHELLS;2040.0;1
28600;;;KELP;SEASHELLS;2039.0;1
28700;;;RAINFOREST_RESIN;SEASHELLS;9996.0;1
28700;;;RAINFOREST_RESIN;SEASHELLS;9996.0;7
29000;;;KELP;SEASHELLS;2046.0;1
29000;;;RAINFOREST_RESIN;SEASHELLS;10005.0;1
29200;;;RAINFOREST_RESIN;SEASHELLS;10002.0;1
29200;;;RAINFOREST_RESIN;SEASHELLS;10002.0;1
29300;;;KELP;SEASHELLS;2040.0;1
29900;;;KELP;SEASHELLS;2043.0;6
29900;;;RAINFOREST_RESIN;SEASHELLS;10002.0;4
30000;;;KELP;SEASHELLS;2046.0;1
30100;;;KELP;SEASHELLS;2045.0;5
30700;;;KELP;SEASHELLS;2040.0;1
31200;;;KELP;SEASHELLS;2038.0;1
31500;;;KELP;SEASHELLS;2038.0;1
31700;;;RAINFOREST_RESIN;SEASHELLS;9998.0;1
31700;;;RAINFOREST_RESIN;SEASHELLS;9998.0;3
31700;;;KELP;SEASHELLS;2045.0;1
32000;;;RAINFOREST_RESIN;SEASHELLS;10002.0;1
32200;;;KELP;SEASHELLS;2043.0;1
32300;;;RAINFOREST_RESIN;SEASHELLS;10002.0;1
32700;;;RAINFOREST_RESIN;SEASHELLS;10002.0;1
32800;;;KELP;SEASHELLS;2039.0;5
33600;;;KELP;SEASHELLS;2037.0;1
33700;;;RAINFOREST_RESIN;SEASHELLS;9998.0;1
33800;;;RAINFOREST_RESIN;SEASHELLS;10002.0;1
33900;;;RAINFOREST_RESIN;SEASHELLS;10005.0;2
33900;;;KELP;SEASHELLS;2042.0;2
34200;;;KELP;SEASHELLS;2037.0;1
34200;;;RAINFOREST_RESIN;SEASHELLS;9995.0;2
34200;;;RAINFOREST_RESIN;SEASHELLS;9996.0;1
34200;;;KELP;SEASHELLS;2037.0;1
34200;;;RAINFOREST_RESIN;SEASHELLS;9996.0;2
34300;;;KELP;SEASHELLS;2036.0;1
34300;;;KELP;SEASHELLS;2036.0;10
34400;;;KELP;SEASHELLS;2037.0;1
34700;;;RAINFOREST_RESIN;SEASHELLS;9998.0;5
34800;;;RAINFOREST_RESIN;SEASHELLS;10002.0;1
34900;;;KELP;SEASHELLS;2037.0;1
35200;;;KELP;SEASHELLS;2037.0;1
35500;;;KELP;SEASHELLS;2037.0;1
35600;;;KELP;SEASHELLS;2038.0;1
35700;;;RAINFOREST_RESIN;SEASHELLS;10002.0;1
35700;;;RAINFOREST_RESIN;SEASHELLS;10002.0;1
35900;;;KELP;SEASHELLS;2041.0;1
36000;;;RAINFOREST_RESIN;SEASHELLS;9998.0;1
36500;;;RAINFOREST_RESIN;SEASHELLS;9996.0;1
36700;;;RAINFOREST_RESIN;SEASHELLS;10002.0;1
36700;;;KELP;SEASHELLS;2035.0;1
36800;;;KELP;SEASHELLS;2040.0;3
36800;;;RAINFOREST_RESIN;SEASHELLS;10002.0;1
37100;;;KELP;SEASHELLS;2041.0;1
37200;;;RAINFOREST_RESIN;SEASHELLS;9998.0;1
37300;;;RAINFOREST_RESIN;SEASHELLS;10002.0;7
37300;;;RAINFOREST_RESIN;SEASHELLS;10002.0;5
37400;;;KELP;SEASHELLS;2038.0;1
37700;;;KELP;SEASHELLS;2042.0;1
37900;;;KELP;SEASHELLS;2043.0;1
38100;;;KELP;SEASHELLS;2038.0;1
38200;;;RAINFOREST_RESIN;SEASHELLS;9998.0;5
38200;;;RAINFOREST_RESIN;SEASHELLS;9998.0;2
38400;;;KELP;SEASHELLS;2039.0;1
38500;;;RAINFOREST_RESIN;SEASHELLS;10002.0;1
38500;;;KELP;SEASHELLS;2044.0;1
38600;;;RAINFOREST_RESIN;SEASHELLS;10002.0;5
38800;;;KELP;SEASHELLS;2042.0;4
38900;;;RAINFOREST_RESIN;SEASHELLS;10002.0;4
39400;;;KELP;SEASHELLS;2044.0;1
39400;;;RAINFOREST_RESIN;SEASHELLS;10004.0;1
39600;;;KELP;SEASHELLS;2038.0;9
39600;;;RAINFOREST_RESIN;SEASHELLS;10005.0;2
39700;;;KELP;SEASHELLS;2045.0;1
39700;;;RAINFOREST_RESIN;SEASHELLS;9995.0;2
39700;;;RAINFOREST_RESIN;SEASHELLS;10005.0;1
39700;;;RAINFOREST_RESIN;SEASHELLS;10005.0;8
40100;;;RAINFOREST_RESIN;SEASHELLS;10002.0;1
40300;;;KELP;SEASHELLS;2039.0;4
40300;;;RAINFOREST_RESIN;SEASHELLS;9996.0;1
40300;;;RAINFOREST_RESIN;SEASHELLS;9996.0;5
40800;;;KELP;SEASHELLS;2045.0;9
41200;;;KELP;SEASHELLS;2043.0;3
41400;;;KELP;SEASHELLS;2039.0;1
41500;;;RAINFOREST_RESIN;SEASHELLS;9998.0;1
41500;;;KELP;SEASHELLS;2040.0;2
41900;;;KELP;SEASHELLS;2039.0;2
42200;;;RAINFOREST_RESIN;SEASHELLS;9995.0;2
42200;;;KELP;SEASHELLS;2039.0;2
42300;;;KELP;SEASHELLS;2044.0;6
42300;;;RAINFOREST_RESIN;SEASHELLS;10005.0;1
42300;;;KELP;SEASHELLS;2046.0;1
42300;;;KELP;SEASHELLS;2044.0;1
42300;;;KELP;SEASHELLS;2044.0;1
42500;;;KELP;SEASHELLS;2038.0;1
42700;;;KELP;SEASHELLS;2038.0;1
43200;;;RAINFOREST_RESIN;SEASHELLS;10002.0;1
43200;;;KELP;SEASHELLS;2041.0;2
43400;;;KELP;SEASHELLS;2037.0;1
43800;;;RAINFOREST_RESIN;SEASHELLS;9998.0;1
44000;;;RAINFOREST_RESIN;SEASHELLS;10002.0;4
44100;;;RAINFOREST_RESIN;SEASHELLS;9996.0;2
44100;;;KELP;SEASHELLS;2036.0;1
44100;;;KELP;SEASHELLS;2036.0;2
44200;;;RAINFOREST_RESIN;SEASHELLS;9998.0;2
44500;;;RAINFOREST_RESIN;SEASHELLS;9996.0;1
44500;;;KELP;SEASHELLS;2036.0;1
44700;;;RAINFOREST_RESIN;SEASHELLS;9996.0;1
44700;;;KELP;SEASHELLS;2038.0;1
44900;;;KELP;SEASHELLS;2041.0;9
45100;;;KELP;SEASHELLS;2037.0;5
45100;;;KELP;SEASHELLS;2037.0;2
45100;;;RAINFOREST_RESIN;SEASHELLS;9998.0;1
45300;;;KELP;SEASHELLS;2037.0;1
45300;;;RAINFOREST_RESIN;SEASHELLS;9998.0;1
45300;;;KELP;SEASHELLS;2044.0;15
45600;;;KELP;SEASHELLS;2042.0;1
46000;;;RAINFOREST_RESIN;SEASHELLS;9996.0;1
46000;;;RAINFOREST_RESIN;SEASHELLS;9996.0;2
46000;;;RAINFOREST_RESIN;SEASHELLS;9998.0;5
46100;;;KELP;SEASHELLS;2038.0;1
46200;;;KELP;SEASHELLS;2043.0;8
46200;;;KELP;SEASHELLS;2042.0;2
46300;;;KELP;SEASHELLS;2044.0;1
46400;;;KELP;SEASHELLS;2043.0;10
46500;;;KELP;SEASHELLS;2038.0;1
46800;;;KELP;SEASHELLS;2040.0;5
46800;;;RAINFOREST_RESIN;SEASHELLS;9998.0;1
46900;;;KELP;SEASHELLS;2044.0;1
47000;;;RAINFOREST_RESIN;SEASHELLS;9995.0;2
47000;;;KELP;SEASHELLS;2039.0;2
47100;;;KELP;SEASHELLS;2039.0;1
47200;;;KELP;SEASHELLS;2044.0;1
47200;;;KELP;SEASHELLS;2043.0;4
47600;;;RAINFOREST_RESIN;SEASHELLS;9995.0;2
47600;;;KELP;SEASHELLS;2037.0;2
47700;;;RAINFOREST_RESIN;SEASHELLS;9998.0;1
48300;;;KELP;SEASHELLS;2043.0;1
48400;;;KELP;SEASHELLS;2044.0;5
48700;;;RAINFOREST_RESIN;SEASHELLS;10002.0;2
48900;;;KELP;SEASHELLS;2036.0;1
49100;;;RAINFOREST_RESIN;SEASHELLS;9998.0;2
49100;;;KELP;SEASHELLS;2035.0;2
49300;;;KELP;SEASHELLS;2040.0;1
49700;;;RAINFOREST_RESIN;SEASHELLS;10002.0;1
49800;;;RAINFOREST_RESIN;SEASHELLS;9998.0;1
49900;;;RAINFOREST_RESIN;SEASHELLS;10002.0;1
50100;;;RAINFOREST_RESIN;SEASHELLS;10004.0;2
50100;;;KELP;SEASHELLS;2043.0;6
50100;;;KELP;SEASHELLS;2043.0;2
50100;;;KELP;SEASHELLS;2042.0;10
50100;;;KELP;SEASHELLS;2044.0;2
50300;;;RAINFOREST_RESIN;SEASHELLS;10002.0;1
50400;;;RAINFOREST_RESIN;SEASHELLS;10002.0;4
50600;;;KELP;SEASHELLS;2041.0;1
50800;;;RAINFOREST_RESIN;SEASHELLS;9998.0;1
51300;;;KELP;SEASHELLS;2038.0;2
51300;;;KELP;SEASHELLS;2038.0;7
51600;;;KELP;SEASHELLS;2038.0;2
52000;;;KELP;SEASHELLS;2038.0;3
52000;;;KELP;SEASHELLS;2038.0;7
52300;;;KELP;SEASHELLS;2042.0;5
52300;;;KELP;SEASHELLS;2043.0;1
52600;;;KELP;SEASHELLS;2037.0;15
52700;;;RAINFOREST_RESIN;SEASHELLS;9998.0;1
52700;;;RAINFOREST_RESIN;SEASHELLS;9995.0;2
52700;;;KELP;SEASHELLS;2037.0;2
53200;;;KELP;SEASHELLS;2043.0;12
53400;;;KELP;SEASHELLS;2037.0;1
53500;;;KELP;SEASHELLS;2037.0;8
53600;;;KELP;SEASHELLS;2038.0;1
53600;;;RAINFOREST_RESIN;SEASHELLS;9998.0;2
53900;;;KELP;SEASHELLS;2043.0;1
53900;;;KELP;SEASHELLS;2037.0;5
54400;;;KELP;SEASHELLS;2038.0;1
54500;;;KELP;SEASHELLS;2038.0;1
54700;;;RAINFOREST_RESIN;SEASHELLS;9998.0;1
55000;;;KELP;SEASHELLS;2039.0;4
55000;;;RAINFOREST_RESIN;SEASHELLS;9998.0;1
55000;;;KELP;SEASHELLS;2039.0;1
56600;;;RAINFOREST_RESIN;SEASHELLS;10004.0;1
56700;;;KELP;SEASHELLS;2038.0;1
56800;;;KELP;SEASHELLS;2038.0;1
57000;;;KELP;SEASHELLS;2037.0;2
57000;;;KELP;SEASHELLS;2037.0;13
57000;;;RAINFOREST_RESIN;SEASHELLS;9995.0;2
57300;;;RAINFOREST_RESIN;SEASHELLS;10002.0;1
57400;;;KELP;SEASHELLS;2038.0;1
58000;;;KELP;SEASHELLS;2041.0;1
58100;;;KELP;SEASHELLS;2037.0;1
58400;;;KELP;SEASHELLS;2040.0;4
58800;;;RAINFOREST_RESIN;SEASHELLS;9998.0;1
58900;;;RAINFOREST_RESIN;SEASHELLS;9998.0;1
59000;;;RAINFOREST_RESIN;SEASHELLS;9998.0;9
59100;;;RAINFOREST_RESIN;SEASHELLS;9998.0;2
59300;;;RAINFOREST_RESIN;SEASHELLS;9998.0;1
59300;;;RAINFOREST_RESIN;SEASHELLS;9998.0;2
59400;;;RAINFOREST_RESIN;SEASHELLS;10002.0;3
59800;;;KELP;SEASHELLS;2040.0;5
59900;;;RAINFOREST_RESIN;SEASHELLS;10002.0;1
59900;;;KELP;SEASHELLS;2044.0;2
59900;;;RAINFOREST_RESIN;SEASHELLS;10004.0;2
60100;;;RAINFOREST_RESIN;SEASHELLS;9998.0;1
60100;;;KELP;SEASHELLS;2038.0;9
60200;;;RAINFOREST_RESIN;SEASHELLS;9998.0;1
60400;;;RAINFOREST_RESIN;SEASHELLS;9998.0;2
60500;;;KELP;SEASHELLS;2037.0;15
60500;;;RAINFOREST_RESIN;SEASHELLS;9996.0;1
60500;;;KELP;SEASHELLS;2037.0;1
61000;;;KELP;SEASHELLS;2038.0;1
61000;;;RAINFOREST_RESIN;SEASHELLS;10004.0;1
61100;;;KELP;SEASHELLS;2044.0;9
61500;;;RAINFOREST_RESIN;SEASHELLS;10002.0;6
62200;;;KELP;SEASHELLS;2038.0;1
62800;;;RAINFOREST_RESIN;SEASHELLS;9996.0;7
62800;;;RAINFOREST_RESIN;SEASHELLS;9996.0;1
62900;;;RAINFOREST_RESIN;SEASHELLS;10004.0;1
62900;;;KELP;SEASHELLS;2042.0;1
63500;;;RAINFOREST_RESIN;SEASHELLS;9998.0;1
63700;;;KELP;SEASHELLS;2037.0;1
63700;;;RAINFOREST_RESIN;SEASHELLS;9998.0;1
63800;;;KELP;SEASHELLS;2036.0;1
63900;;;KELP;SEASHELLS;2036.0;1
64600;;;KELP;SEASHELLS;2036.0;1
64900;;;KELP;SEASHELLS;2036.0;1
65100;;;KELP;SEASHELLS;2040.0;1
65100;;;RAINFOREST_RESIN;SEASHELLS;10004.0;1
65300;;;KELP;SEASHELLS;2041.0;1
65300;;;KELP;SEASHELLS;2040.0;5
65300;;;RAINFOREST_RESIN;SEASHELLS;10002.0;1
65400;;;RAINFOREST_RESIN;SEASHELLS;9998.0;1
66000;;;RAINFOREST_RESIN;SEASHELLS;9996.0;1
66000;;;KELP;SEASHELLS;2037.0;2
66100;;;KELP;SEASHELLS;2044.0;8
66100;;;RAINFOREST_RESIN;SEASHELLS;9995.0;6
66500;;;KELP;SEASHELLS;2037.0;1
66600;;;KELP;SEASHELLS;2038.0;1
66600;;;KELP;SEASHELLS;2038.0;9
67000;;;RAINFOREST_RESIN;SEASHELLS;10002.0;4
67100;;;RAINFOREST_RESIN;SEASHELLS;9996.0;1
67700;;;KELP;SEASHELLS;2044.0;11
67700;;;RAINFOREST_RESIN;SEASHELLS;10002.0;1
67900;;;KELP;SEASHELLS;2041.0;9
67900;;;KELP;SEASHELLS;2043.0;15
69200;;;KELP;SEASHELLS;2036.0;7
69400;;;RAINFOREST_RESIN;SEASHELLS;10002.0;4
69500;;;RAINFOREST_RESIN;SEASHELLS;10002.0;1
69500;;;RAINFOREST_RESIN;SEASHELLS;10002.0;1
69600;;;RAINFOREST_RESIN;SEASHELLS;10002.0;1
69600;;;KELP;SEASHELLS;2033.0;8
69600;;;KELP;SEASHELLS;2040.0;1
69800;;;KELP;SEASHELLS;2034.0;1
69900;;;KELP;SEASHELLS;2041.0;15
70200;;;KELP;SEASHELLS;2036.0;3
70400;;;RAINFOREST_RESIN;SEASHELLS;10002.0;5
70600;;;RAINFOREST_RESIN;SEASHELLS;9996.0;2
70700;;;RAINFOREST_RESIN;SEASHELLS;10002.0;2
70700;;;KELP;SEASHELLS;2040.0;2
70800;;;KELP;SEASHELLS;2033.0;1
70900;;;RAINFOREST_RESIN;SEASHELLS;10005.0;1
70900;;;KELP;SEASHELLS;2040.0;1
70900;;;RAINFOREST_RESIN;SEASHELLS;10005.0;12
71000;;;KELP;SEASHELLS;2039.0;1
71400;;;KELP;SEASHELLS;2036.0;1
71400;;;KELP;SEASHELLS;2040.0;6
72400;;;KELP;SEASHELLS;2036.0;9
72500;;;RAINFOREST_RESIN;SEASHELLS;10004.0;1
72500;;;KELP;SEASHELLS;2043.0;1
73200;;;KELP;SEASHELLS;2038.0;1
73200;;;KELP;SEASHELLS;2038.0;5
73400;;;RAINFOREST_RESIN;SEASHELLS;9998.0;1
73700;;;KELP;SEASHELLS;2043.0;1
74300;;;KELP;SEASHELLS;2044.0;1
74400;;;KELP;SEASHELLS;2043.0;1
74400;;;KELP;SEASHELLS;2043.0;2
74600;;;KELP;SEASHELLS;2039.0;1
74600;;;RAINFOREST_RESIN;SEASHELLS;10004.0;2
74800;;;RAINFOREST_RESIN;SEASHELLS;9998.0;2
74900;;;RAINFOREST_RESIN;SEASHELLS;9998.0;1
75300;;;KELP;SEASHELLS;2040.0;1
75600;;;KELP;SEASHELLS;2046.0;13
75800;;;KELP;SEASHELLS;2046.0;1
75800;;;RAINFOREST_RESIN;SEASHELLS;10004.0;1
76300;;;KELP;SEASHELLS;2037.0;1
76400;;;KELP;SEASHELLS;2038.0;3
76800;;;KELP;SEASHELLS;2039.0;1
76900;;;KELP;SEASHELLS;2041.0;4
77100;;;KELP;SEASHELLS;2041.0;1
77400;;;KELP;SEASHELLS;2042.0;4
77700;;;RAINFOREST_RESIN;SEASHELLS;9998.0;1
78000;;;KELP;SEASHELLS;2043.0;1
78100;;;RAINFOREST_RESIN;SEASHELLS;10002.0;1
78400;;;RAINFOREST_RESIN;SEASHELLS;10004.0;5
78400;;;RAINFOREST_RESIN;SEASHELLS;10004.0;2
78600;;;RAINFOREST_RESIN;SEASHELLS;9996.0;2
78700;;;KELP;SEASHELLS;2049.0;10
78800;;;KELP;SEASHELLS;2047.0;1
79100;;;KELP;SEASHELLS;2047.0;3
79100;;;KELP;SEASHELLS;2047.0;1
79300;;;RAINFOREST_RESIN;SEASHELLS;9996.0;1
79300;;;KELP;SEASHELLS;2043.0;1
79500;;;RAINFOREST_RESIN;SEASHELLS;10004.0;1
79500;;;KELP;SEASHELLS;2049.0;1
79800;;;KELP;SEASHELLS;2050.0;1
79900;;;KELP;SEASHELLS;2045.0;2
79900;;;RAINFOREST_RESIN;SEASHELLS;9998.0;2
80300;;;RAINFOREST_RESIN;SEASHELLS;9998.0;3
80400;;;KELP;SEASHELLS;2047.0;1
80400;;;KELP;SEASHELLS;2047.0;2
80400;;;RAINFOREST_RESIN;SEASHELLS;9998.0;1
80600;;;RAINFOREST_RESIN;SEASHELLS;9998.0;1
80700;;;RAINFOREST_RESIN;SEASHELLS;9998.0;1
81500;;;KELP;SEASHELLS;2044.0;1
81500;;;RAINFOREST_RESIN;SEASHELLS;10002.0;1
81700;;;KELP;SEASHELLS;2044.0;1
81800;;;KELP;SEASHELLS;2049.0;1
81900;;;KELP;SEASHELLS;2046.0;4
82000;;;KELP;SEASHELLS;2045.0;1
82100;;;KELP;SEASHELLS;2045.0;14
82200;;;RAINFOREST_RESIN;SEASHELLS;9998.0;4
82500;;;KELP;SEASHELLS;2050.0;1
82700;;;KELP;SEASHELLS;2046.0;1
83000;;;RAINFOREST_RESIN;SEASHELLS;9998.0;1
83400;;;KELP;SEASHELLS;2046.0;7
83400;;;RAINFOREST_RESIN;SEASHELLS;10002.0;1
83800;;;RAINFOREST_RESIN;SEASHELLS;10005.0;1
83800;;;KELP;SEASHELLS;2054.0;1
84100;;;KELP;SEASHELLS;2051.0;1
84100;;;RAINFOREST_RESIN;SEASHELLS;10002.0;1
84500;;;KELP;SEASHELLS;2046.0;13
84500;;;KELP;SEASHELLS;2046.0;2
84500;;;RAINFOREST_RESIN;SEASHELLS;9996.0;1
84600;;;KELP;SEASHELLS;2053.0;7
84800;;;RAINFOREST_RESIN;SEASHELLS;10002.0;1
84800;;;KELP;SEASHELLS;2051.0;1
85200;;;RAINFOREST_RESIN;SEASHELLS;10002.0;1
85200;;;KELP;SEASHELLS;2051.0;1
85400;;;KELP;SEASHELLS;2052.0;1
85500;;;RAINFOREST_RESIN;SEASHELLS;9998.0;7
85600;;;RAINFOREST_RESIN;SEASHELLS;9996.0;2
85800;;;RAINFOREST_RESIN;SEASHELLS;10002.0;1
85900;;;RAINFOREST_RESIN;SEASHELLS;9996.0;1
86200;;;RAINFOREST_RESIN;SEASHELLS;9998.0;2
86600;;;KELP;SEASHELLS;2054.0;1
86900;;;KELP;SEASHELLS;2054.0;1
86900;;;KELP;SEASHELLS;2051.0;1
87100;;;RAINFOREST_RESIN;SEASHELLS;9998.0;1
87100;;;KELP;SEASHELLS;2052.0;5
87200;;;KELP;SEASHELLS;2050.0;7
87300;;;KELP;SEASHELLS;2054.0;1
87500;;;KELP;SEASHELLS;2054.0;1
87900;;;KELP;SEASHELLS;2055.0;1
88400;;;KELP;SEASHELLS;2055.0;9
88500;;;RAINFOREST_RESIN;SEASHELLS;10002.0;1
88600;;;RAINFOREST_RESIN;SEASHELLS;10002.0;1
88700;;;RAINFOREST_RESIN;SEASHELLS;9995.0;8
88900;;;RAINFOREST_RESIN;SEASHELLS;10002.0;4
88900;;;RAINFOREST_RESIN;SEASHELLS;10002.0;1
89100;;;KELP;SEASHELLS;2057.0;2
89100;;;RAINFOREST_RESIN;SEASHELLS;10005.0;2
89300;;;RAINFOREST_RESIN;SEASHELLS;9996.0;2
89300;;;KELP;SEASHELLS;2049.0;2
89500;;;KELP;SEASHELLS;2054.0;1
89800;;;RAINFOREST_RESIN;SEASHELLS;10004.0;1
89800;;;RAINFOREST_RESIN;SEASHELLS;9998.0;1
89800;;;KELP;SEASHELLS;2056.0;2
89800;;;RAINFOREST_RESIN;SEASHELLS;10005.0;2
90200;;;RAINFOREST_RESIN;SEASHELLS;9998.0;2
90200;;;RAINFOREST_RESIN;SEASHELLS;9998.0;1
90400;;;RAINFOREST_RESIN;SEASHELLS;9996.0;1
90800;;;KELP;SEASHELLS;2053.0;1
90800;;;KELP;SEASHELLS;2053.0;4
91200;;;RAINFOREST_RESIN;SEASHELLS;10002.0;1
91200;;;KELP;SEASHELLS;2058.0;1
91200;;;KELP;SEASHELLS;2055.0;2
91300;;;RAINFOREST_RESIN;SEASHELLS;9998.0;0
91300;;;RAINFOREST_RESIN;SEASHELLS;9998.0;1
91300;;;RAINFOREST_RESIN;SEASHELLS;9998.0;7
91300;;;RAINFOREST_RESIN;SEASHELLS;9998.0;2
91400;;;KELP;SEASHELLS;2054.0;1
91600;;;KELP;SEASHELLS;2054.0;1
91600;;;RAINFOREST_RESIN;SEASHELLS;9998.0;1
91800;;;RAINFOREST_RESIN;SEASHELLS;9998.0;3
91900;;;RAINFOREST_RESIN;SEASHELLS;9998.0;1
92400;;;KELP;SEASHELLS;2060.0;1
92900;;;KELP;SEASHELLS;2054.0;8
93200;;;RAINFOREST_RESIN;SEASHELLS;10004.0;2
93200;;;RAINFOREST_RESIN;SEASHELLS;10005.0;2
93200;;;RAINFOREST_RESIN;SEASHELLS;10004.0;10
93200;;;KELP;SEASHELLS;2061.0;2
93200;;;RAINFOREST_RESIN;SEASHELLS;10002.0;3
93300;;;RAINFOREST_RESIN;SEASHELLS;10002.0;1
93700;;;KELP;SEASHELLS;2061.0;1
94000;;;KELP;SEASHELLS;2062.0;1
94400;;;RAINFOREST_RESIN;SEASHELLS;9998.0;1
94400;;;KELP;SEASHELLS;2058.0;9
94700;;;KELP;SEASHELLS;2064.0;10
94700;;;KELP;SEASHELLS;2064.0;10
94700;;;KELP;SEASHELLS;2064.0;4
95500;;;RAINFOREST_RESIN;SEASHELLS;9998.0;1
95700;;;RAINFOREST_RESIN;SEASHELLS;9998.0;1
95800;;;RAINFOREST_RESIN;SEASHELLS;9996.0;2
95800;;;KELP;SEASHELLS;2056.0;2
95800;;;RAINFOREST_RESIN;SEASHELLS;9998.0;1
96600;;;RAINFOREST_RESIN;SEASHELLS;10002.0;1
96600;;;KELP;SEASHELLS;2056.0;1
96900;;;KELP;SEASHELLS;2060.0;1
97100;;;KELP;SEASHELLS;2059.0;1
97100;;;RAINFOREST_RESIN;SEASHELLS;10004.0;1
97200;;;KELP;SEASHELLS;2054.0;2
97800;;;KELP;SEASHELLS;2059.0;1
97800;;;RAINFOREST_RESIN;SEASHELLS;10005.0;1
98700;;;RAINFOREST_RESIN;SEASHELLS;10004.0;2
98700;;;KELP;SEASHELLS;2057.0;2
98800;;;KELP;SEASHELLS;2052.0;2
98800;;;RAINFOREST_RESIN;SEASHELLS;9996.0;1
98800;;;RAINFOREST_RESIN;SEASHELLS;9998.0;1
98800;;;RAINFOREST_RESIN;SEASHELLS;9996.0;1
98900;;;KELP;SEASHELLS;2055.0;4
99400;;;KELP;SEASHELLS;2055.0;1
99800;;;RAINFOREST_RESIN;SEASHELLS;9998.0;1
99800;;;KELP;SEASHELLS;2051.0;1
99800;;;KELP;SEASHELLS;2052.0;3
100100;;;KELP;SEASHELLS;2050.0;1
100400;;;KELP;SEASHELLS;2050.0;1
100400;;;RAINFOREST_RESIN;SEASHELLS;9998.0;1
100600;;;RAINFOREST_RESIN;SEASHELLS;9998.0;1
100600;;;KELP;SEASHELLS;2054.0;1
100900;;;RAINFOREST_RESIN;SEASHELLS;10002.0;1
101100;;;KELP;SEASHELLS;2053.0;10
101100;;;KELP;SEASHELLS;2053.0;1
101700;;;KELP;SEASHELLS;2046.0;1
101700;;;RAINFOREST_RESIN;SEASHELLS;10002.0;1
101900;;;KELP;SEASHELLS;2046.0;6
101900;;;KELP;SEASHELLS;2046.0;2
102300;;;RAINFOREST_RESIN;SEASHELLS;10005.0;1
102300;;;KELP;SEASHELLS;2046.0;1
102400;;;KELP;SEASHELLS;2047.0;5
102600;;;RAINFOREST_RESIN;SEASHELLS;9998.0;1
102600;;;KELP;SEASHELLS;2047.0;14
102900;;;KELP;SEASHELLS;2052.0;1
103100;;;KELP;SEASHELLS;2049.0;6
103700;;;RAINFOREST_RESIN;SEASHELLS;9998.0;1
103900;;;RAINFOREST_RESIN;SEASHELLS;9998.0;1
104000;;;RAINFOREST_RESIN;SEASHELLS;9998.0;2
104800;;;RAINFOREST_RESIN;SEASHELLS;9998.0;2
105000;;;RAINFOREST_RESIN;SEASHELLS;9995.0;5
105500;;;KELP;SEASHELLS;2049.0;1
105700;;;RAINFOREST_RESIN;SEASHELLS;9998.0;3
105800;;;KELP;SEASHELLS;2050.0;5
106100;;;RAINFOREST_RESIN;SEASHELLS;10002.0;1
106300;;;KELP;SEASHELLS;2047.0;1
106400;;;KELP;SEASHELLS;2047.0;12
106400;;;KELP;SEASHELLS;2047.0;1
106500;;;RAINFOREST_RESIN;SEASHELLS;10005.0;1
106500;;;KELP;SEASHELLS;2053.0;1
106800;;;KELP;SEASHELLS;2046.0;1
106800;;;RAINFOREST_RESIN;SEASHELLS;9998.0;1
107600;;;KELP;SEASHELLS;2047.0;1
107800;;;KELP;SEASHELLS;2046.0;1
107800;;;RAINFOREST_RESIN;SEASHELLS;9996.0;1
107900;;;KELP;SEASHELLS;2051.0;1
108000;;;KELP;SEASHELLS;2047.0;5
108300;;;RAINFOREST_RESIN;SEASHELLS;9998.0;1
108600;;;RAINFOREST_RESIN;SEASHELLS;9998.0;1
108600;;;RAINFOREST_RESIN;SEASHELLS;9998.0;4
108800;;;KELP;SEASHELLS;2052.0;2
108800;;;KELP;SEASHELLS;2051.0;1
108800;;;RAINFOREST_RESIN;SEASHELLS;10004.0;2
108900;;;RAINFOREST_RESIN;SEASHELLS;9996.0;5
108900;;;RAINFOREST_RESIN;SEASHELLS;9996.0;1
109000;;;KELP;SEASHELLS;2046.0;1
109100;;;KELP;SEASHELLS;2050.0;5
109200;;;KELP;SEASHELLS;2050.0;9
109600;;;KELP;SEASHELLS;2045.0;1
109700;;;RAINFOREST_RESIN;SEASHELLS;10004.0;1
109700;;;KELP;SEASHELLS;2051.0;1
110200;;;KELP;SEASHELLS;2044.0;1
110500;;;KELP;SEASHELLS;2044.0;9
110600;;;RAINFOREST_RESIN;SEASHELLS;9998.0;1
110700;;;RAINFOREST_RESIN;SEASHELLS;10002.0;1
111000;;;KELP;SEASHELLS;2049.0;7
111100;;;KELP;SEASHELLS;2044.0;1
111200;;;KELP;SEASHELLS;2044.0;1
111300;;;KELP;SEASHELLS;2043.0;1
111800;;;RAINFOREST_RESIN;SEASHELLS;10004.0;1
111800;;;KELP;SEASHELLS;2049.0;1
112000;;;KELP;SEASHELLS;2048.0;2
112300;;;KELP;SEASHELLS;2043.0;1
112800;;;KELP;SEASHELLS;2047.0;4
113500;;;KELP;SEASHELLS;2048.0;1
113900;;;RAINFOREST_RESIN;SEASHELLS;10002.0;1
114300;;;KELP;SEASHELLS;2046.0;1
114300;;;RAINFOREST_RESIN;SEASHELLS;10004.0;1
114500;;;KELP;SEASHELLS;2042.0;1
114500;;;RAINFOREST_RESIN;SEASHELLS;9996.0;9
114500;;;RAINFOREST_RESIN;SEASHELLS;9996.0;2
114600;;;KELP;SEASHELLS;2048.0;4
115100;;;KELP;SEASHELLS;2041.0;1
115100;;;KELP;SEASHELLS;2046.0;7
116100;;;KELP;SEASHELLS;2046.0;1
116100;;;RAINFOREST_RESIN;SEASHELLS;10005.0;1
116300;;;RAINFOREST_RESIN;SEASHELLS;9996.0;2
116400;;;KELP;SEASHELLS;2047.0;2
116400;;;RAINFOREST_RESIN;SEASHELLS;9998.0;1
116600;;;KELP;SEASHELLS;2042.0;1
116600;;;KELP;SEASHELLS;2042.0;5
116600;;;KELP;SEASHELLS;2042.0;0
116600;;;KELP;SEASHELLS;2043.0;3
116600;;;KELP;SEASHELLS;2042.0;3
116600;;;KELP;SEASHELLS;2042.0;0
116800;;;KELP;SEASHELLS;2040.0;2
116800;;;RAINFOREST_RESIN;SEASHELLS;9995.0;2
116900;;;KELP;SEASHELLS;2041.0;4
117100;;;KELP;SEASHELLS;2045.0;1
117300;;;KELP;SEASHELLS;2046.0;1
117300;;;KELP;SEASHELLS;2041.0;8
117500;;;RAINFOREST_RESIN;SEASHELLS;10002.0;2
117800;;;KELP;SEASHELLS;2042.0;3
117900;;;RAINFOREST_RESIN;SEASHELLS;9998.0;1
118100;;;KELP;SEASHELLS;2046.0;1
118100;;;RAINFOREST_RESIN;SEASHELLS;10005.0;2
118200;;;KELP;SEASHELLS;2045.0;4
118200;;;KELP;SEASHELLS;2047.0;1
118200;;;KELP;SEASHELLS;2047.0;1
118200;;;RAINFOREST_RESIN;SEASHELLS;10002.0;2
118300;;;RAINFOREST_RESIN;SEASHELLS;10002.0;3
118300;;;KELP;SEASHELLS;2040.0;4
119000;;;RAINFOREST_RESIN;SEASHELLS;9996.0;4
119000;;;RAINFOREST_RESIN;SEASHELLS;9996.0;1
119000;;;RAINFOREST_RESIN;SEASHELLS;9998.0;1
119100;;;RAINFOREST_RESIN;SEASHELLS;10002.0;1
119200;;;RAINFOREST_RESIN;SEASHELLS;9996.0;1
119200;;;KELP;SEASHELLS;2042.0;1
119200;;;RAINFOREST_RESIN;SEASHELLS;9996.0;1
119200;;;KELP;SEASHELLS;2042.0;1
119800;;;KELP;SEASHELLS;2042.0;1
119900;;;KELP;SEASHELLS;2048.0;1
120100;;;KELP;SEASHELLS;2047.0;4
120100;;;KELP;SEASHELLS;2047.0;6
120200;;;RAINFOREST_RESIN;SEASHELLS;10002.0;1
120200;;;KELP;SEASHELLS;2042.0;1
120900;;;RAINFOREST_RESIN;SEASHELLS;10002.0;2
121000;;;RAINFOREST_RESIN;SEASHELLS;10004.0;1
121000;;;KELP;SEASHELLS;2050.0;1
121300;;;RAINFOREST_RESIN;SEASHELLS;10004.0;1
121300;;;KELP;SEASHELLS;2045.0;1
121600;;;KELP;SEASHELLS;2050.0;1
121600;;;KELP;SEASHELLS;2052.0;2
121600;;;RAINFOREST_RESIN;SEASHELLS;10002.0;2
121700;;;KELP;SEASHELLS;2050.0;1
121800;;;RAINFOREST_RESIN;SEASHELLS;9995.0;1
121800;;;KELP;SEASHELLS;2044.0;1
122200;;;KELP;SEASHELLS;2046.0;1
122200;;;RAINFOREST_RESIN;SEASHELLS;9996.0;1
122500;;;KELP;SEASHELLS;2054.0;2
122500;;;RAINFOREST_RESIN;SEASHELLS;10004.0;2
122500;;;RAINFOREST_RESIN;SEASHELLS;10002.0;2
122500;;;RAINFOREST_RESIN;SEASHELLS;10002.0;6
122600;;;RAINFOREST_RESIN;SEASHELLS;9998.0;4
122700;;;RAINFOREST_RESIN;SEASHELLS;10002.0;5
122800;;;KELP;SEASHELLS;2048.0;1
123100;;;RAINFOREST_RESIN;SEASHELLS;10002.0;1
123200;;;KELP;SEASHELLS;2052.0;1
123200;;;KELP;SEASHELLS;2052.0;3
123500;;;KELP;SEASHELLS;2046.0;1
123500;;;RAINFOREST_RESIN;SEASHELLS;9998.0;2
123700;;;RAINFOREST_RESIN;SEASHELLS;9996.0;1
123700;;;KELP;SEASHELLS;2046.0;1
123900;;;KELP;SEASHELLS;2046.0;1
123900;;;RAINFOREST_RESIN;SEASHELLS;9998.0;1
124000;;;RAINFOREST_RESIN;SEASHELLS;10002.0;1
124200;;;RAINFOREST_RESIN;SEASHELLS;9998.0;5
124200;;;KELP;SEASHELLS;2050.0;4
125200;;;KELP;SEASHELLS;2055.0;1
125400;;;KELP;SEASHELLS;2057.0;1
125400;;;RAINFOREST_RESIN;SEASHELLS;10004.0;1
125900;;;KELP;SEASHELLS;2050.0;1
125900;;;RAINFOREST_RESIN;SEASHELLS;9998.0;1
126200;;;KELP;SEASHELLS;2049.0;1
126400;;;KELP;SEASHELLS;2056.0;1
126400;;;RAINFOREST_RESIN;SEASHELLS;9998.0;2
126600;;;KELP;SEASHELLS;2050.0;1
126700;;;RAINFOREST_RESIN;SEASHELLS;9998.0;1
126700;;;RAINFOREST_RESIN;SEASHELLS;9998.0;1
126900;;;KELP;SEASHELLS;2055.0;1
126900;;;RAINFOREST_RESIN;SEASHELLS;10002.0;1
127000;;;RAINFOREST_RESIN;SEASHELLS;10002.0;1
127000;;;RAINFOREST_RESIN;SEASHELLS;10002.0;2
127100;;;RAINFOREST_RESIN;SEASHELLS;9998.0;1
127500;;;KELP;SEASHELLS;2055.0;2
127500;;;RAINFOREST_RESIN;SEASHELLS;10002.0;1
127500;;;RAINFOREST_RESIN;SEASHELLS;10002.0;2
127800;;;KELP;SEASHELLS;2050.0;5
128000;;;RAINFOREST_RESIN;SEASHELLS;10002.0;2
128100;;;KELP;SEASHELLS;2050.0;2
128400;;;RAINFOREST_RESIN;SEASHELLS;10002.0;1
128400;;;KELP;SEASHELLS;2049.0;2
128800;;;KELP;SEASHELLS;2054.0;8
129000;;;KELP;SEASHELLS;2047.0;1
129200;;;KELP;SEASHELLS;2049.0;1
129400;;;KELP;SEASHELLS;2056.0;4
129400;;;RAINFOREST_RESIN;SEASHELLS;9998.0;1
129500;;;RAINFOREST_RESIN;SEASHELLS;9998.0;1
129700;;;KELP;SEASHELLS;2051.0;2
129800;;;RAINFOREST_RESIN;SEASHELLS;10005.0;2
129800;;;KELP;SEASHELLS;2055.0;2
130100;;;KELP;SEASHELLS;2055.0;1
130300;;;RAINFOREST_RESIN;SEASHELLS;10005.0;2
130400;;;KELP;SEASHELLS;2050.0;3
130400;;;RAINFOREST_RESIN;SEASHELLS;10004.0;1
130400;;;KELP;SEASHELLS;2056.0;1
130700;;;KELP;SEASHELLS;2050.0;8
130700;;;KELP;SEASHELLS;2050.0;3
130900;;;KELP;SEASHELLS;2049.0;1
131100;;;KELP;SEASHELLS;2051.0;1
131200;;;KELP;SEASHELLS;2050.0;1
131500;;;KELP;SEASHELLS;2049.0;2
131500;;;RAINFOREST_RESIN;SEASHELLS;9996.0;1
131900;;;RAINFOREST_RESIN;SEASHELLS;9996.0;1
131900;;;RAINFOREST_RESIN;SEASHELLS;9996.0;1
131900;;;KELP;SEASHELLS;2051.0;2
132100;;;RAINFOREST_RESIN;SEASHELLS;10002.0;1
132200;;;KELP;SEASHELLS;2055.0;1
132200;;;RAINFOREST_RESIN;SEASHELLS;10004.0;1
132300;;;KELP;SEASHELLS;2053.0;2
132300;;;RAINFOREST_RESIN;SEASHELLS;9998.0;2
132300;;;KELP;SEASHELLS;2053.0;1
132300;;;RAINFOREST_RESIN;SEASHELLS;9998.0;1
132300;;;RAINFOREST_RESIN;SEASHELLS;9995.0;1
132600;;;RAINFOREST_RESIN;SEASHELLS;9998.0;1
132600;;;KELP;SEASHELLS;2050.0;1
132800;;;KELP;SEASHELLS;2051.0;1
132900;;;KELP;SEASHELLS;2055.0;1
133000;;;RAINFOREST_RESIN;SEASHELLS;9998.0;2
133200;;;KELP;SEASHELLS;2056.0;1
133500;;;RAINFOREST_RESIN;SEASHELLS;9998.0;3
133500;;;RAINFOREST_RESIN;SEASHELLS;10005.0;8
133600;;;KELP;SEASHELLS;2052.0;1
134000;;;KELP;SEASHELLS;2051.0;1
134500;;;KELP;SEASHELLS;2056.0;1
134700;;;RAINFOREST_RESIN;SEASHELLS;9998.0;1
134800;;;KELP;SEASHELLS;2052.0;13
134900;;;KELP;SEASHELLS;2052.0;4
135600;;;KELP;SEASHELLS;2059.0;5
135800;;;KELP;SEASHELLS;2058.0;1
136100;;;KELP;SEASHELLS;2054.0;1
136500;;;KELP;SEASHELLS;2053.0;1
137000;;;RAINFOREST_RESIN;SEASHELLS;10002.0;1
137100;;;KELP;SEASHELLS;2053.0;1
137200;;;KELP;SEASHELLS;2054.0;5
137400;;;KELP;SEASHELLS;2052.0;1
137400;;;RAINFOREST_RESIN;SEASHELLS;9995.0;1
137700;;;KELP;SEASHELLS;2053.0;2
137700;;;RAINFOREST_RESIN;SEASHELLS;9996.0;2
137800;;;RAINFOREST_RESIN;SEASHELLS;9996.0;2
137800;;;KELP;SEASHELLS;2052.0;2
138200;;;KELP;SEASHELLS;2058.0;1
138200;;;RAINFOREST_RESIN;SEASHELLS;9998.0;1
138300;;;KELP;SEASHELLS;2053.0;1
138600;;;KELP;SEASHELLS;2053.0;1
138600;;;KELP;SEASHELLS;2059.0;1
138600;;;RAINFOREST_RESIN;SEASHELLS;10004.0;1
139300;;;KELP;SEASHELLS;2059.0;1
139400;;;KELP;SEASHELLS;2060.0;10
139400;;;RAINFOREST_RESIN;SEASHELLS;9996.0;1
140500;;;RAINFOREST_RESIN;SEASHELLS;9998.0;1
140600;;;KELP;SEASHELLS;2053.0;1
141400;;;RAINFOREST_RESIN;SEASHELLS;9995.0;10
141500;;;KELP;SEASHELLS;2052.0;1
141600;;;RAINFOREST_RESIN;SEASHELLS;10002.0;2
141600;;;KELP;SEASHELLS;2057.0;4
141600;;;RAINFOREST_RESIN;SEASHELLS;10002.0;1
142000;;;KELP;SEASHELLS;2053.0;9
142100;;;KELP;SEASHELLS;2059.0;1
142200;;;KELP;SEASHELLS;2054.0;1
142500;;;RAINFOREST_RESIN;SEASHELLS;9998.0;1
143300;;;RAINFOREST_RESIN;SEASHELLS;9998.0;1
143600;;;KELP;SEASHELLS;2054.0;3
143800;;;KELP;SEASHELLS;2052.0;1
143900;;;RAINFOREST_RESIN;SEASHELLS;9998.0;1
143900;;;KELP;SEASHELLS;2052.0;1
144100;;;KELP;SEASHELLS;2057.0;1
144400;;;KELP;SEASHELLS;2053.0;1
144500;;;RAINFOREST_RESIN;SEASHELLS;10004.0;2
144500;;;RAINFOREST_RESIN;SEASHELLS;10004.0;10
144600;;;KELP;SEASHELLS;2053.0;2
144600;;;RAINFOREST_RESIN;SEASHELLS;9998.0;2
144800;;;RAINFOREST_RESIN;SEASHELLS;10002.0;1
145100;;;KELP;SEASHELLS;2058.0;1
145100;;;RAINFOREST_RESIN;SEASHELLS;10005.0;1
145100;;;RAINFOREST_RESIN;SEASHELLS;9998.0;6
145600;;;KELP;SEASHELLS;2056.0;1
145600;;;RAINFOREST_RESIN;SEASHELLS;10002.0;1
145900;;;RAINFOREST_RESIN;SEASHELLS;10002.0;2
145900;;;KELP;SEASHELLS;2052.0;2
146400;;;RAINFOREST_RESIN;SEASHELLS;9998.0;1
146400;;;KELP;SEASHELLS;2051.0;1
146400;;;KELP;SEASHELLS;2052.0;1
147000;;;RAINFOREST_RESIN;SEASHELLS;10002.0;1
147000;;;KELP;SEASHELLS;2058.0;2
147000;;;RAINFOREST_RESIN;SEASHELLS;10004.0;1
147000;;;KELP;SEASHELLS;2056.0;1
147000;;;RAINFOREST_RESIN;SEASHELLS;10004.0;1
147200;;;KELP;SEASHELLS;2057.0;1
147400;;;KELP;SEASHELLS;2051.0;1
147500;;;KELP;SEASHELLS;2056.0;1
148200;;;KELP;SEASHELLS;2058.0;2
148200;;;RAINFOREST_RESIN;SEASHELLS;9998.0;2
148200;;;RAINFOREST_RESIN;SEASHELLS;9998.0;1
148200;;;RAINFOREST_RESIN;SEASHELLS;9998.0;2
148200;;;KELP;SEASHELLS;2056.0;1
148700;;;RAINFOREST_RESIN;SEASHELLS;9995.0;2
148700;;;KELP;SEASHELLS;2056.0;1
148700;;;RAINFOREST_RESIN;SEASHELLS;10005.0;5
148900;;;KELP;SEASHELLS;2055.0;3
149000;;;KELP;SEASHELLS;2051.0;1
149000;;;RAINFOREST_RESIN;SEASHELLS;10002.0;1
149100;;;KELP;SEASHELLS;2051.0;1
149500;;;KELP;SEASHELLS;2054.0;1
150300;;;RAINFOREST_RESIN;SEASHELLS;10002.0;1
150600;;;RAINFOREST_RESIN;SEASHELLS;10002.0;1
151100;;;RAINFOREST_RESIN;SEASHELLS;10002.0;5
151200;;;RAINFOREST_RESIN;SEASHELLS;10004.0;2
151500;;;KELP;SEASHELLS;2058.0;1
151500;;;KELP;SEASHELLS;2058.0;12
151500;;;RAINFOREST_RESIN;SEASHELLS;10004.0;1
151600;;;RAINFOREST_RESIN;SEASHELLS;9995.0;1
151600;;;RAINFOREST_RESIN;SEASHELLS;9996.0;1
151600;;;KELP;SEASHELLS;2056.0;1
152100;;;KELP;SEASHELLS;2057.0;1
152100;;;RAINFOREST_RESIN;SEASHELLS;10002.0;1
152400;;;RAINFOREST_RESIN;SEASHELLS;9998.0;1
152600;;;RAINFOREST_RESIN;SEASHELLS;9998.0;1
152700;;;RAINFOREST_RESIN;SEASHELLS;9996.0;1
152800;;;KELP;SEASHELLS;2056.0;1
153000;;;RAINFOREST_RESIN;SEASHELLS;9998.0;1
153200;;;RAINFOREST_RESIN;SEASHELLS;10002.0;2
153300;;;RAINFOREST_RESIN;SEASHELLS;9998.0;1
153500;;;KELP;SEASHELLS;2051.0;1
153600;;;KELP;SEASHELLS;2051.0;1
154000;;;KELP;SEASHELLS;2057.0;1
154200;;;RAINFOREST_RESIN;SEASHELLS;9996.0;1
154200;;;KELP;SEASHELLS;2052.0;1
154200;;;RAINFOREST_RESIN;SEASHELLS;9996.0;1
154200;;;KELP;SEASHELLS;2052.0;1
154900;;;KELP;SEASHELLS;2055.0;3
155100;;;KELP;SEASHELLS;2057.0;6
155100;;;KELP;SEASHELLS;2051.0;1
155200;;;KELP;SEASHELLS;2057.0;1
155200;;;KELP;SEASHELLS;2050.0;1
155200;;;RAINFOREST_RESIN;SEASHELLS;10004.0;1
155300;;;RAINFOREST_RESIN;SEASHELLS;9998.0;3
155600;;;KELP;SEASHELLS;2048.0;1
156000;;;KELP;SEASHELLS;2057.0;7
156100;;;RAINFOREST_RESIN;SEASHELLS;10002.0;1
156400;;;KELP;SEASHELLS;2054.0;5
156400;;;KELP;SEASHELLS;2056.0;15
156400;;;RAINFOREST_RESIN;SEASHELLS;9998.0;1
156400;;;RAINFOREST_RESIN;SEASHELLS;9998.0;2
156800;;;KELP;SEASHELLS;2054.0;5
156800;;;RAINFOREST_RESIN;SEASHELLS;9998.0;1
156800;;;KELP;SEASHELLS;2054.0;2
156800;;;RAINFOREST_RESIN;SEASHELLS;9998.0;1
156900;;;RAINFOREST_RESIN;SEASHELLS;9998.0;1
156900;;;KELP;SEASHELLS;2055.0;1
157100;;;RAINFOREST_RESIN;SEASHELLS;10002.0;1
157400;;;KELP;SEASHELLS;2055.0;8
157400;;;KELP;SEASHELLS;2055.0;1
157400;;;KELP;SEASHELLS;2049.0;1
157400;;;RAINFOREST_RESIN;SEASHELLS;9996.0;1
157400;;;KELP;SEASHELLS;2055.0;2
157600;;;KELP;SEASHELLS;2056.0;10
157700;;;KELP;SEASHELLS;2048.0;14
157800;;;RAINFOREST_RESIN;SEASHELLS;10002.0;1
158300;;;RAINFOREST_RESIN;SEASHELLS;9998.0;1
158400;;;KELP;SEASHELLS;2054.0;2
158400;;;RAINFOREST_RESIN;SEASHELLS;10004.0;1
158700;;;KELP;SEASHELLS;2053.0;1
158700;;;RAINFOREST_RESIN;SEASHELLS;9998.0;1
159000;;;KELP;SEASHELLS;2052.0;1
159200;;;KELP;SEASHELLS;2048.0;1
159300;;;KELP;SEASHELLS;2049.0;1
159400;;;KELP;SEASHELLS;2054.0;1
159400;;;RAINFOREST_RESIN;SEASHELLS;9998.0;1
159500;;;KELP;SEASHELLS;2053.0;1
159500;;;RAINFOREST_RESIN;SEASHELLS;9995.0;1
159700;;;KELP;SEASHELLS;2055.0;4
160000;;;RAINFOREST_RESIN;SEASHELLS;10005.0;12
160700;;;KELP;SEASHELLS;2048.0;4
161000;;;RAINFOREST_RESIN;SEASHELLS;9996.0;2
161000;;;KELP;SEASHELLS;2046.0;1
161000;;;KELP;SEASHELLS;2046.0;2
161500;;;KELP;SEASHELLS;2050.0;1
161600;;;RAINFOREST_RESIN;SEASHELLS;10002.0;1
163100;;;KELP;SEASHELLS;2050.0;6
163100;;;KELP;SEASHELLS;2050.0;5
163100;;;KELP;SEASHELLS;2045.0;1
163400;;;KELP;SEASHELLS;2052.0;2
163400;;;RAINFOREST_RESIN;SEASHELLS;10004.0;1
163400;;;KELP;SEASHELLS;2049.0;4
163400;;;RAINFOREST_RESIN;SEASHELLS;10004.0;1
163900;;;RAINFOREST_RESIN;SEASHELLS;10004.0;2
164000;;;KELP;SEASHELLS;2050.0;1
164000;;;KELP;SEASHELLS;2049.0;2
164200;;;KELP;SEASHELLS;2052.0;14
164400;;;KELP;SEASHELLS;2049.0;1
164600;;;RAINFOREST_RESIN;SEASHELLS;9998.0;1
164800;;;RAINFOREST_RESIN;SEASHELLS;10004.0;1
164800;;;RAINFOREST_RESIN;SEASHELLS;10004.0;3
164900;;;RAINFOREST_RESIN;SEASHELLS;10005.0;1
164900;;;KELP;SEASHELLS;2050.0;1
164900;;;KELP;SEASHELLS;2043.0;8
165600;;;KELP;SEASHELLS;2048.0;3
165700;;;KELP;SEASHELLS;2050.0;1
165800;;;KELP;SEASHELLS;2045.0;1
165800;;;KELP;SEASHELLS;2051.0;1
165800;;;RAINFOREST_RESIN;SEASHELLS;10004.0;1
165900;;;RAINFOREST_RESIN;SEASHELLS;9996.0;1
166000;;;KELP;SEASHELLS;2049.0;4
166200;;;RAINFOREST_RESIN;SEASHELLS;10002.0;1
166500;;;KELP;SEASHELLS;2045.0;1
167100;;;RAINFOREST_RESIN;SEASHELLS;9996.0;2
167100;;;KELP;SEASHELLS;2046.0;2
167400;;;KELP;SEASHELLS;2052.0;1
167800;;;KELP;SEASHELLS;2047.0;7
168200;;;RAINFOREST_RESIN;SEASHELLS;10005.0;2
168200;;;KELP;SEASHELLS;2052.0;2
168200;;;KELP;SEASHELLS;2047.0;14
168400;;;RAINFOREST_RESIN;SEASHELLS;10004.0;1
168400;;;RAINFOREST_RESIN;SEASHELLS;10004.0;9
168400;;;RAINFOREST_RESIN;SEASHELLS;9998.0;3
168700;;;KELP;SEASHELLS;2052.0;11
169000;;;KELP;SEASHELLS;2048.0;10
169000;;;RAINFOREST_RESIN;SEASHELLS;9998.0;1
169200;;;RAINFOREST_RESIN;SEASHELLS;9995.0;2
169200;;;KELP;SEASHELLS;2047.0;2
169900;;;RAINFOREST_RESIN;SEASHELLS;9998.0;2
170000;;;RAINFOREST_RESIN;SEASHELLS;9998.0;5
170100;;;KELP;SEASHELLS;2046.0;1
170200;;;RAINFOREST_RESIN;SEASHELLS;9998.0;1
171300;;;RAINFOREST_RESIN;SEASHELLS;9998.0;1
171600;;;RAINFOREST_RESIN;SEASHELLS;9998.0;1
171600;;;KELP;SEASHELLS;2051.0;1
171700;;;RAINFOREST_RESIN;SEASHELLS;10002.0;2
171800;;;RAINFOREST_RESIN;SEASHELLS;9995.0;1
171800;;;KELP;SEASHELLS;2051.0;1
172300;;;KELP;SEASHELLS;2047.0;14
172500;;;KELP;SEASHELLS;2047.0;9
172600;;;RAINFOREST_RESIN;SEASHELLS;10004.0;1
172600;;;KELP;SEASHELLS;2054.0;1
172800;;;KELP;SEASHELLS;2048.0;1
172900;;;RAINFOREST_RESIN;SEASHELLS;9998.0;2
173000;;;RAINFOREST_RESIN;SEASHELLS;9998.0;2
173000;;;KELP;SEASHELLS;2047.0;2
173100;;;KELP;SEASHELLS;2048.0;1
173300;;;RAINFOREST_RESIN;SEASHELLS;10004.0;1
173300;;;KELP;SEASHELLS;2055.0;15
173300;;;KELP;SEASHELLS;2055.0;2
173600;;;KELP;SEASHELLS;2053.0;1
174400;;;KELP;SEASHELLS;2051.0;3
174400;;;RAINFOREST_RESIN;SEASHELLS;10002.0;1
174400;;;KELP;SEASHELLS;2050.0;2
174600;;;RAINFOREST_RESIN;SEASHELLS;10002.0;1
174800;;;KELP;SEASHELLS;2050.0;1
175100;;;RAINFOREST_RESIN;SEASHELLS;10002.0;2
176300;;;RAINFOREST_RESIN;SEASHELLS;10005.0;3
176700;;;KELP;SEASHELLS;2052.0;2
176700;;;RAINFOREST_RESIN;SEASHELLS;9998.0;2
176700;;;RAINFOREST_RESIN;SEASHELLS;9998.0;2
177000;;;KELP;SEASHELLS;2052.0;1
177600;;;RAINFOREST_RESIN;SEASHELLS;10005.0;6
177900;;;RAINFOREST_RESIN;SEASHELLS;10004.0;1
177900;;;KELP;SEASHELLS;2058.0;1
178100;;;KELP;SEASHELLS;2056.0;4
178800;;;KELP;SEASHELLS;2052.0;1
179000;;;KELP;SEASHELLS;2059.0;13
179500;;;RAINFOREST_RESIN;SEASHELLS;10002.0;1
179600;;;KELP;SEASHELLS;2057.0;1
179900;;;RAINFOREST_RESIN;SEASHELLS;10002.0;4
180000;;;RAINFOREST_RESIN;SEASHELLS;9998.0;1
180100;;;KELP;SEASHELLS;2058.0;7
180300;;;KELP;SEASHELLS;2051.0;1
180400;;;KELP;SEASHELLS;2057.0;1
180600;;;RAINFOREST_RESIN;SEASHELLS;10002.0;1
180900;;;KELP;SEASHELLS;2058.0;2
180900;;;RAINFOREST_RESIN;SEASHELLS;10004.0;1
180900;;;RAINFOREST_RESIN;SEASHELLS;10004.0;1
181600;;;RAINFOREST_RESIN;SEASHELLS;10002.0;3
181700;;;KELP;SEASHELLS;2056.0;13
182200;;;KELP;SEASHELLS;2053.0;1
182500;;;RAINFOREST_RESIN;SEASHELLS;10002.0;1
182500;;;KELP;SEASHELLS;2053.0;1
182800;;;RAINFOREST_RESIN;SEASHELLS;10002.0;1
182900;;;KELP;SEASHELLS;2055.0;15
183300;;;KELP;SEASHELLS;2049.0;1
183400;;;RAINFOREST_RESIN;SEASHELLS;9998.0;10
183400;;;RAINFOREST_RESIN;SEASHELLS;9998.0;2
183600;;;RAINFOREST_RESIN;SEASHELLS;10002.0;1
183600;;;KELP;SEASHELLS;2053.0;7
183800;;;KELP;SEASHELLS;2048.0;1
184800;;;KELP;SEASHELLS;2053.0;1
184800;;;RAINFOREST_RESIN;SEASHELLS;9998.0;1
185000;;;RAINFOREST_RESIN;SEASHELLS;9996.0;1
185000;;;KELP;SEASHELLS;2049.0;1
185500;;;KELP;SEASHELLS;2048.0;2
185500;;;RAINFOREST_RESIN;SEASHELLS;9996.0;2
185600;;;KELP;SEASHELLS;2048.0;12
185800;;;KELP;SEASHELLS;2053.0;1
186200;;;RAINFOREST_RESIN;SEASHELLS;10002.0;5
186700;;;RAINFOREST_RESIN;SEASHELLS;9996.0;11
186700;;;RAINFOREST_RESIN;SEASHELLS;9996.0;1
187000;;;KELP;SEASHELLS;2050.0;1
187200;;;RAINFOREST_RESIN;SEASHELLS;9998.0;3
187300;;;KELP;SEASHELLS;2050.0;1
187300;;;RAINFOREST_RESIN;SEASHELLS;9995.0;1
187600;;;KELP;SEASHELLS;2049.0;1
187600;;;RAINFOREST_RESIN;SEASHELLS;10002.0;1
187900;;;RAINFOREST_RESIN;SEASHELLS;10004.0;2
187900;;;RAINFOREST_RESIN;SEASHELLS;9998.0;4
188200;;;KELP;SEASHELLS;2053.0;3
188200;;;RAINFOREST_RESIN;SEASHELLS;9996.0;1
188200;;;KELP;SEASHELLS;2050.0;1
188200;;;RAINFOREST_RESIN;SEASHELLS;9998.0;1
188500;;;RAINFOREST_RESIN;SEASHELLS;10005.0;1
188500;;;KELP;SEASHELLS;2056.0;1
189200;;;RAINFOREST_RESIN;SEASHELLS;9996.0;2
189600;;;RAINFOREST_RESIN;SEASHELLS;10002.0;2
189600;;;KELP;SEASHELLS;2052.0;2
189800;;;RAINFOREST_RESIN;SEASHELLS;9998.0;1
190000;;;RAINFOREST_RESIN;SEASHELLS;9998.0;1
190200;;;KELP;SEASHELLS;2048.0;1
190300;;;RAINFOREST_RESIN;SEASHELLS;9996.0;2
190800;;;KELP;SEASHELLS;2050.0;4
190900;;;RAINFOREST_RESIN;SEASHELLS;9995.0;2
190900;;;KELP;SEASHELLS;2045.0;2
192200;;;KELP;SEASHELLS;2050.0;1
192400;;;KELP;SEASHELLS;2053.0;15
192900;;;KELP;SEASHELLS;2048.0;2
192900;;;KELP;SEASHELLS;2048.0;2
193000;;;RAINFOREST_RESIN;SEASHELLS;9995.0;1
193000;;;KELP;SEASHELLS;2047.0;1
193100;;;KELP;SEASHELLS;2047.0;1
193200;;;KELP;SEASHELLS;2051.0;1
193700;;;KELP;SEASHELLS;2052.0;8
193700;;;RAINFOREST_RESIN;SEASHELLS;10005.0;11
193800;;;RAINFOREST_RESIN;SEASHELLS;9998.0;1
193900;;;RAINFOREST_RESIN;SEASHELLS;9996.0;2
193900;;;KELP;SEASHELLS;2052.0;1
194000;;;KELP;SEASHELLS;2054.0;1
194200;;;RAINFOREST_RESIN;SEASHELLS;10002.0;1
194200;;;KELP;SEASHELLS;2049.0;1
194300;;;KELP;SEASHELLS;2048.0;1
194800;;;KELP;SEASHELLS;2048.0;1
194800;;;RAINFOREST_RESIN;SEASHELLS;9995.0;1
195100;;;RAINFOREST_RESIN;SEASHELLS;9996.0;1
195300;;;KELP;SEASHELLS;2052.0;3
195500;;;KELP;SEASHELLS;2047.0;1
195600;;;RAINFOREST_RESIN;SEASHELLS;10004.0;2
195600;;;KELP;SEASHELLS;2049.0;2
195700;;;KELP;SEASHELLS;2051.0;5
196100;;;KELP;SEASHELLS;2052.0;6
196700;;;KELP;SEASHELLS;2052.0;1
197000;;;RAINFOREST_RESIN;SEASHELLS;9998.0;1
197100;;;RAINFOREST_RESIN;SEASHELLS;10002.0;1
197400;;;RAINFOREST_RESIN;SEASHELLS;9996.0;1
197500;;;RAINFOREST_RESIN;SEASHELLS;9998.0;5
197700;;;KELP;SEASHELLS;2047.0;1
197700;;;RAINFOREST_RESIN;SEASHELLS;9995.0;1
198000;;;KELP;SEASHELLS;2048.0;1
198400;;;RAINFOREST_RESIN;SEASHELLS;9998.0;1
198400;;;KELP;SEASHELLS;2048.0;2
198500;;;RAINFOREST_RESIN;SEASHELLS;10002.0;3
199000;;;KELP;SEASHELLS;2047.0;1
199300;;;KELP;SEASHELLS;2053.0;1
199400;;;RAINFOREST_RESIN;SEASHELLS;10002.0;3
199400;;;RAINFOREST_RESIN;SEASHELLS;10002.0;1
199700;;;RAINFOREST_RESIN;SEASHELLS;10002.0;1
200100;;;KELP;SEASHELLS;2048.0;2
200100;;;RAINFOREST_RESIN;SEASHELLS;10002.0;5
200200;;;KELP;SEASHELLS;2047.0;15
200300;;;KELP;SEASHELLS;2048.0;1
200300;;;RAINFOREST_RESIN;SEASHELLS;10004.0;2
200400;;;KELP;SEASHELLS;2054.0;1
200400;;;RAINFOREST_RESIN;SEASHELLS;10004.0;1
200800;;;RAINFOREST_RESIN;SEASHELLS;10002.0;1
200900;;;KELP;SEASHELLS;2047.0;1
201800;;;RAINFOREST_RESIN;SEASHELLS;9998.0;3
202000;;;RAINFOREST_RESIN;SEASHELLS;10002.0;3
202100;;;KELP;SEASHELLS;2048.0;1
202200;;;RAINFOREST_RESIN;SEASHELLS;10002.0;5
202600;;;RAINFOREST_RESIN;SEASHELLS;10002.0;4
203000;;;KELP;SEASHELLS;2052.0;1
203300;;;RAINFOREST_RESIN;SEASHELLS;9996.0;2
203700;;;KELP;SEASHELLS;2051.0;1
203900;;;KELP;SEASHELLS;2050.0;2
203900;;;RAINFOREST_RESIN;SEASHELLS;10004.0;1
204000;;;KELP;SEASHELLS;2049.0;2
204200;;;KELP;SEASHELLS;2050.0;1
204400;;;KELP;SEASHELLS;2050.0;1
204500;;;KELP;SEASHELLS;2050.0;1
204800;;;RAINFOREST_RESIN;SEASHELLS;10004.0;7
204800;;;RAINFOREST_RESIN;SEASHELLS;10004.0;1
205000;;;RAINFOREST_RESIN;SEASHELLS;10004.0;2
205000;;;KELP;SEASHELLS;2044.0;1
205000;;;KELP;SEASHELLS;2050.0;2
205400;;;KELP;SEASHELLS;2050.0;1
205800;;;RAINFOREST_RESIN;SEASHELLS;10002.0;1
206400;;;RAINFOREST_RESIN;SEASHELLS;9996.0;2
206400;;;KELP;SEASHELLS;2044.0;2
206700;;;KELP;SEASHELLS;2045.0;5
207000;;;KELP;SEASHELLS;2043.0;1
207000;;;RAINFOREST_RESIN;SEASHELLS;9998.0;1
207300;;;KELP;SEASHELLS;2050.0;1
207300;;;RAINFOREST_RESIN;SEASHELLS;10004.0;1
207500;;;RAINFOREST_RESIN;SEASHELLS;9996.0;2
207500;;;RAINFOREST_RESIN;SEASHELLS;9996.0;5
207600;;;KELP;SEASHELLS;2048.0;8
207800;;;KELP;SEASHELLS;2051.0;15
207800;;;KELP;SEASHELLS;2050.0;1
208000;;;RAINFOREST_RESIN;SEASHELLS;10004.0;1
208000;;;KELP;SEASHELLS;2052.0;1
208100;;;KELP;SEASHELLS;2046.0;1
208100;;;RAINFOREST_RESIN;SEASHELLS;9998.0;1
208100;;;KELP;SEASHELLS;2046.0;3
208300;;;KELP;SEASHELLS;2044.0;1
208700;;;KELP;SEASHELLS;2045.0;1
208900;;;KELP;SEASHELLS;2046.0;1
208900;;;KELP;SEASHELLS;2046.0;2
209000;;;KELP;SEASHELLS;2050.0;1
209700;;;RAINFOREST_RESIN;SEASHELLS;9996.0;2
209700;;;RAINFOREST_RESIN;SEASHELLS;9996.0;5
209700;;;KELP;SEASHELLS;2046.0;1
209900;;;RAINFOREST_RESIN;SEASHELLS;9998.0;1
210000;;;KELP;SEASHELLS;2046.0;3
210100;;;KELP;SEASHELLS;2045.0;1
210300;;;KELP;SEASHELLS;2051.0;1
210300;;;KELP;SEASHELLS;2045.0;1
210300;;;RAINFOREST_RESIN;SEASHELLS;10002.0;1
210400;;;KELP;SEASHELLS;2045.0;1
210600;;;RAINFOREST_RESIN;SEASHELLS;9995.0;1
210600;;;KELP;SEASHELLS;2045.0;1
210700;;;KELP;SEASHELLS;2045.0;1
210700;;;RAINFOREST_RESIN;SEASHELLS;9996.0;1
211100;;;RAINFOREST_RESIN;SEASHELLS;10002.0;1
211100;;;KELP;SEASHELLS;2053.0;1
211300;;;KELP;SEASHELLS;2053.0;11
211300;;;RAINFOREST_RESIN;SEASHELLS;9998.0;1
211400;;;RAINFOREST_RESIN;SEASHELLS;9996.0;1
211400;;;RAINFOREST_RESIN;SEASHELLS;9996.0;2
211500;;;KELP;SEASHELLS;2047.0;2
211500;;;KELP;SEASHELLS;2047.0;6
211800;;;KELP;SEASHELLS;2046.0;1
212000;;;KELP;SEASHELLS;2045.0;9
212300;;;RAINFOREST_RESIN;SEASHELLS;9998.0;1
212300;;;KELP;SEASHELLS;2053.0;1
212300;;;KELP;SEASHELLS;2051.0;5
212300;;;KELP;SEASHELLS;2053.0;13
212500;;;KELP;SEASHELLS;2051.0;1
212500;;;KELP;SEASHELLS;2051.0;6
212800;;;KELP;SEASHELLS;2046.0;1
213000;;;RAINFOREST_RESIN;SEASHELLS;9998.0;1
213900;;;RAINFOREST_RESIN;SEASHELLS;9998.0;3
213900;;;KELP;SEASHELLS;2046.0;1
214100;;;RAINFOREST_RESIN;SEASHELLS;9998.0;1
214100;;;RAINFOREST_RESIN;SEASHELLS;9998.0;1
214500;;;RAINFOREST_RESIN;SEASHELLS;9998.0;3
214500;;;RAINFOREST_RESIN;SEASHELLS;9998.0;1
214700;;;RAINFOREST_RESIN;SEASHELLS;9996.0;2
214800;;;KELP;SEASHELLS;2046.0;2
214800;;;KELP;SEASHELLS;2046.0;3
215100;;;RAINFOREST_RESIN;SEASHELLS;9998.0;1
215800;;;KELP;SEASHELLS;2046.0;1
215900;;;KELP;SEASHELLS;2046.0;7
216000;;;KELP;SEASHELLS;2051.0;8
216000;;;KELP;SEASHELLS;2046.0;1
216000;;;KELP;SEASHELLS;2051.0;1
216100;;;RAINFOREST_RESIN;SEASHELLS;10002.0;1
216400;;;KELP;SEASHELLS;2048.0;3
216500;;;KELP;SEASHELLS;2047.0;1
216600;;;RAINFOREST_RESIN;SEASHELLS;9998.0;1
216600;;;KELP;SEASHELLS;2051.0;7
216600;;;KELP;SEASHELLS;2051.0;5
217100;;;RAINFOREST_RESIN;SEASHELLS;9996.0;1
217400;;;KELP;SEASHELLS;2046.0;4
217500;;;RAINFOREST_RESIN;SEASHELLS;9996.0;1
217500;;;KELP;SEASHELLS;2045.0;1
217700;;;KELP;SEASHELLS;2051.0;1
217800;;;RAINFOREST_RESIN;SEASHELLS;9996.0;1
218200;;;KELP;SEASHELLS;2045.0;1
218700;;;KELP;SEASHELLS;2050.0;1
219400;;;RAINFOREST_RESIN;SEASHELLS;10004.0;1
219400;;;KELP;SEASHELLS;2049.0;1
219400;;;KELP;SEASHELLS;2048.0;1
219600;;;KELP;SEASHELLS;2049.0;1
220500;;;KELP;SEASHELLS;2045.0;3
221000;;;KELP;SEASHELLS;2050.0;10
221100;;;RAINFOREST_RESIN;SEASHELLS;10002.0;1
221100;;;KELP;SEASHELLS;2049.0;1
221200;;;KELP;SEASHELLS;2042.0;1
221200;;;RAINFOREST_RESIN;SEASHELLS;10002.0;1
221800;;;KELP;SEASHELLS;2046.0;5
222200;;;RAINFOREST_RESIN;SEASHELLS;9998.0;2
222800;;;KELP;SEASHELLS;2047.0;1
223000;;;KELP;SEASHELLS;2041.0;5
223100;;;RAINFOREST_RESIN;SEASHELLS;9998.0;2
223600;;;RAINFOREST_RESIN;SEASHELLS;10002.0;1
223700;;;RAINFOREST_RESIN;SEASHELLS;10005.0;1
223700;;;KELP;SEASHELLS;2048.0;1
223800;;;KELP;SEASHELLS;2042.0;1
223800;;;RAINFOREST_RESIN;SEASHELLS;10002.0;1
224400;;;KELP;SEASHELLS;2043.0;11
224500;;;KELP;SEASHELLS;2048.0;4
224500;;;RAINFOREST_RESIN;SEASHELLS;10002.0;1
224600;;;RAINFOREST_RESIN;SEASHELLS;10004.0;1
224600;;;KELP;SEASHELLS;2051.0;1
224600;;;RAINFOREST_RESIN;SEASHELLS;10005.0;1
225000;;;RAINFOREST_RESIN;SEASHELLS;9996.0;1
225500;;;KELP;SEASHELLS;2044.0;1
225700;;;RAINFOREST_RESIN;SEASHELLS;10002.0;1
225700;;;KELP;SEASHELLS;2044.0;1
226100;;;RAINFOREST_RESIN;SEASHELLS;9998.0;4
226100;;;RAINFOREST_RESIN;SEASHELLS;9998.0;1
226700;;;KELP;SEASHELLS;2046.0;2
226700;;;RAINFOREST_RESIN;SEASHELLS;9998.0;2
226800;;;KELP;SEASHELLS;2047.0;5
227100;;;KELP;SEASHELLS;2046.0;1
227300;;;RAINFOREST_RESIN;SEASHELLS;9998.0;1
227700;;;KELP;SEASHELLS;2047.0;1
227700;;;RAINFOREST_RESIN;SEASHELLS;9996.0;1
228300;;;KELP;SEASHELLS;2048.0;1
228300;;;KELP;SEASHELLS;2048.0;6
228400;;;KELP;SEASHELLS;2048.0;1
229400;;;RAINFOREST_RESIN;SEASHELLS;9998.0;1
229600;;;RAINFOREST_RESIN;SEASHELLS;10002.0;1
229700;;;KELP;SEASHELLS;2051.0;1
229900;;;KELP;SEASHELLS;2046.0;2
230100;;;KELP;SEASHELLS;2047.0;1
230100;;;KELP;SEASHELLS;2047.0;1
230300;;;RAINFOREST_RESIN;SEASHELLS;9996.0;1
230300;;;RAINFOREST_RESIN;SEASHELLS;9996.0;9
230400;;;RAINFOREST_RESIN;SEASHELLS;10002.0;1
230400;;;KELP;SEASHELLS;2052.0;1
230500;;;KELP;SEASHELLS;2046.0;1
230900;;;RAINFOREST_RESIN;SEASHELLS;10004.0;1
230900;;;KELP;SEASHELLS;2051.0;1
231100;;;KELP;SEASHELLS;2048.0;5
231300;;;RAINFOREST_RESIN;SEASHELLS;9998.0;1
231400;;;KELP;SEASHELLS;2049.0;2
231700;;;RAINFOREST_RESIN;SEASHELLS;10000.0;4
231700;;;KELP;SEASHELLS;2049.0;4
231700;;;KELP;SEASHELLS;2046.0;1
232000;;;KELP;SEASHELLS;2051.0;9
232100;;;RAINFOREST_RESIN;SEASHELLS;10002.0;1
232300;;;RAINFOREST_RESIN;SEASHELLS;10002.0;1
232300;;;KELP;SEASHELLS;2053.0;1
232600;;;KELP;SEASHELLS;2053.0;1
232600;;;RAINFOREST_RESIN;SEASHELLS;9998.0;2
232600;;;RAINFOREST_RESIN;SEASHELLS;9998.0;1
234200;;;KELP;SEASHELLS;2044.0;1
234300;;;RAINFOREST_RESIN;SEASHELLS;9995.0;1
234300;;;KELP;SEASHELLS;2045.0;1
234500;;;RAINFOREST_RESIN;SEASHELLS;9998.0;1
234700;;;KELP;SEASHELLS;2051.0;2
234700;;;KELP;SEASHELLS;2049.0;4
234700;;;RAINFOREST_RESIN;SEASHELLS;10004.0;1
234700;;;RAINFOREST_RESIN;SEASHELLS;10004.0;1
234800;;;RAINFOREST_RESIN;SEASHELLS;9998.0;1
235200;;;RAINFOREST_RESIN;SEASHELLS;9995.0;8
235500;;;KELP;SEASHELLS;2045.0;1
235900;;;KELP;SEASHELLS;2046.0;3
236200;;;RAINFOREST_RESIN;SEASHELLS;9998.0;1
236400;;;RAINFOREST_RESIN;SEASHELLS;9998.0;1
236800;;;RAINFOREST_RESIN;SEASHELLS;9998.0;1
237000;;;RAINFOREST_RESIN;SEASHELLS;9998.0;1
237000;;;RAINFOREST_RESIN;SEASHELLS;9998.0;3
237000;;;KELP;SEASHELLS;2054.0;1
237300;;;KELP;SEASHELLS;2046.0;1
237300;;;RAINFOREST_RESIN;SEASHELLS;9996.0;1
237300;;;KELP;SEASHELLS;2047.0;1
237400;;;RAINFOREST_RESIN;SEASHELLS;9998.0;1
237400;;;KELP;SEASHELLS;2046.0;1
237700;;;RAINFOREST_RESIN;SEASHELLS;9998.0;1
238000;;;KELP;SEASHELLS;2046.0;1
238300;;;RAINFOREST_RESIN;SEASHELLS;9998.0;5
238600;;;KELP;SEASHELLS;2045.0;8
238700;;;KELP;SEASHELLS;2046.0;1
238700;;;KELP;SEASHELLS;2052.0;1
238700;;;RAINFOREST_RESIN;SEASHELLS;10002.0;1
238700;;;RAINFOREST_RESIN;SEASHELLS;10004.0;1
238800;;;KELP;SEASHELLS;2052.0;2
238800;;;KELP;SEASHELLS;2052.0;12
239300;;;RAINFOREST_RESIN;SEASHELLS;10005.0;1
239300;;;KELP;SEASHELLS;2051.0;1
239300;;;RAINFOREST_RESIN;SEASHELLS;10004.0;8
239300;;;RAINFOREST_RESIN;SEASHELLS;10004.0;1
240100;;;RAINFOREST_RESIN;SEASHELLS;9998.0;3
240100;;;KELP;SEASHELLS;2051.0;3
240200;;;RAINFOREST_RESIN;SEASHELLS;10002.0;5
240200;;;RAINFOREST_RESIN;SEASHELLS;10000.0;2
240700;;;KELP;SEASHELLS;2052.0;1
241000;;;KELP;SEASHELLS;2053.0;6
241000;;;RAINFOREST_RESIN;SEASHELLS;9998.0;5
241200;;;RAINFOREST_RESIN;SEASHELLS;10004.0;2
241200;;;RAINFOREST_RESIN;SEASHELLS;10004.0;6
241300;;;KELP;SEASHELLS;2047.0;4
241400;;;RAINFOREST_RESIN;SEASHELLS;9998.0;1
241600;;;KELP;SEASHELLS;2048.0;4
242000;;;RAINFOREST_RESIN;SEASHELLS;9998.0;1
242400;;;RAINFOREST_RESIN;SEASHELLS;10004.0;1
242800;;;KELP;SEASHELLS;2053.0;7
243100;;;KELP;SEASHELLS;2051.0;3
243500;;;RAINFOREST_RESIN;SEASHELLS;10002.0;1
243600;;;RAINFOREST_RESIN;SEASHELLS;9998.0;1
243900;;;RAINFOREST_RESIN;SEASHELLS;9998.0;1
244100;;;KELP;SEASHELLS;2047.0;1
244100;;;RAINFOREST_RESIN;SEASHELLS;9996.0;1
244300;;;KELP;SEASHELLS;2047.0;1
244300;;;KELP;SEASHELLS;2048.0;7
244500;;;KELP;SEASHELLS;2046.0;11
244900;;;KELP;SEASHELLS;2047.0;2
244900;;;KELP;SEASHELLS;2046.0;14
245300;;;RAINFOREST_RESIN;SEASHELLS;10002.0;1
245700;;;KELP;SEASHELLS;2053.0;14
246000;;;KELP;SEASHELLS;2052.0;1
246100;;;KELP;SEASHELLS;2046.0;14
246800;;;KELP;SEASHELLS;2046.0;1
247000;;;RAINFOREST_RESIN;SEASHELLS;10002.0;5
247000;;;KELP;SEASHELLS;2045.0;1
247200;;;KELP;SEASHELLS;2049.0;1
247500;;;RAINFOREST_RESIN;SEASHELLS;9995.0;8
247600;;;RAINFOREST_RESIN;SEASHELLS;9995.0;7
248100;;;KELP;SEASHELLS;2044.0;2
248100;;;RAINFOREST_RESIN;SEASHELLS;9998.0;2
248100;;;KELP;SEASHELLS;2050.0;1
248100;;;KELP;SEASHELLS;2051.0;9
248200;;;KELP;SEASHELLS;2045.0;1
248300;;;KELP;SEASHELLS;2049.0;8
248400;;;RAINFOREST_RESIN;SEASHELLS;10005.0;2
248400;;;KELP;SEASHELLS;2052.0;2
248600;;;KELP;SEASHELLS;2050.0;5
248700;;;RAINFOREST_RESIN;SEASHELLS;10005.0;4
248800;;;KELP;SEASHELLS;2046.0;1
248900;;;KELP;SEASHELLS;2046.0;1
249100;;;RAINFOREST_RESIN;SEASHELLS;9998.0;1
249200;;;KELP;SEASHELLS;2050.0;4
249400;;;RAINFOREST_RESIN;SEASHELLS;9998.0;4
249400;;;KELP;SEASHELLS;2047.0;1
249500;;;RAINFOREST_RESIN;SEASHELLS;9998.0;1
249600;;;KELP;SEASHELLS;2048.0;5
249600;;;KELP;SEASHELLS;2048.0;2
249700;;;RAINFOREST_RESIN;SEASHELLS;10002.0;1
249700;;;RAINFOREST_RESIN;SEASHELLS;9996.0;1
249800;;;KELP;SEASHELLS;2054.0;6
250000;;;RAINFOREST_RESIN;SEASHELLS;10002.0;5
250100;;;KELP;SEASHELLS;2047.0;15
250200;;;RAINFOREST_RESIN;SEASHELLS;9995.0;9
250400;;;KELP;SEASHELLS;2054.0;2
250400;;;RAINFOREST_RESIN;SEASHELLS;9998.0;1
250700;;;KELP;SEASHELLS;2051.0;4
251400;;;KELP;SEASHELLS;2051.0;4
251400;;;KELP;SEASHELLS;2054.0;1
251700;;;KELP;SEASHELLS;2054.0;1
252000;;;RAINFOREST_RESIN;SEASHELLS;9998.0;1
252000;;;KELP;SEASHELLS;2049.0;1
252100;;;KELP;SEASHELLS;2050.0;3
252700;;;KELP;SEASHELLS;2054.0;1
252800;;;RAINFOREST_RESIN;SEASHELLS;10004.0;1
252800;;;KELP;SEASHELLS;2055.0;1
253100;;;KELP;SEASHELLS;2054.0;1
253100;;;RAINFOREST_RESIN;SEASHELLS;10004.0;1
253400;;;KELP;SEASHELLS;2047.0;1
253600;;;KELP;SEASHELLS;2053.0;1
253800;;;RAINFOREST_RESIN;SEASHELLS;10002.0;1
254000;;;KELP;SEASHELLS;2048.0;1
254200;;;RAINFOREST_RESIN;SEASHELLS;10004.0;1
254200;;;RAINFOREST_RESIN;SEASHELLS;10004.0;10
254800;;;RAINFOREST_RESIN;SEASHELLS;9996.0;2
254900;;;RAINFOREST_RESIN;SEASHELLS;9998.0;2
255100;;;RAINFOREST_RESIN;SEASHELLS;9998.0;1
255500;;;KELP;SEASHELLS;2054.0;1
255500;;;RAINFOREST_RESIN;SEASHELLS;10005.0;1
255500;;;KELP;SEASHELLS;2047.0;1
255800;;;RAINFOREST_RESIN;SEASHELLS;9998.0;5
255800;;;KELP;SEASHELLS;2050.0;5
255800;;;KELP;SEASHELLS;2047.0;5
255900;;;RAINFOREST_RESIN;SEASHELLS;9998.0;1
256000;;;KELP;SEASHELLS;2051.0;1
256100;;;RAINFOREST_RESIN;SEASHELLS;9998.0;4
256100;;;KELP;SEASHELLS;2046.0;1
256200;;;KELP;SEASHELLS;2050.0;1
256400;;;KELP;SEASHELLS;2045.0;1
256500;;;KELP;SEASHELLS;2045.0;1
257200;;;KELP;SEASHELLS;2045.0;1
257400;;;RAINFOREST_RESIN;SEASHELLS;9998.0;4
257500;;;RAINFOREST_RESIN;SEASHELLS;10002.0;1
257800;;;RAINFOREST_RESIN;SEASHELLS;9995.0;6
257900;;;RAINFOREST_RESIN;SEASHELLS;9998.0;1
257900;;;KELP;SEASHELLS;2051.0;2
258000;;;RAINFOREST_RESIN;SEASHELLS;9998.0;5
258200;;;KELP;SEASHELLS;2046.0;14
258500;;;RAINFOREST_RESIN;SEASHELLS;10002.0;2
258500;;;RAINFOREST_RESIN;SEASHELLS;10002.0;2
258500;;;KELP;SEASHELLS;2054.0;2
258900;;;RAINFOREST_RESIN;SEASHELLS;10002.0;1
259000;;;RAINFOREST_RESIN;SEASHELLS;10004.0;2
259000;;;KELP;SEASHELLS;2054.0;2
259400;;;KELP;SEASHELLS;2047.0;1
259700;;;KELP;SEASHELLS;2047.0;1
260300;;;RAINFOREST_RESIN;SEASHELLS;10002.0;1
260700;;;RAINFOREST_RESIN;SEASHELLS;9998.0;1
260700;;;KELP;SEASHELLS;2047.0;1
260800;;;KELP;SEASHELLS;2052.0;1
261000;;;KELP;SEASHELLS;2048.0;5
261100;;;KELP;SEASHELLS;2047.0;10
261200;;;KELP;SEASHELLS;2053.0;1
261400;;;KELP;SEASHELLS;2048.0;1
261600;;;RAINFOREST_RESIN;SEASHELLS;9998.0;5
261800;;;KELP;SEASHELLS;2046.0;1
261800;;;RAINFOREST_RESIN;SEASHELLS;9995.0;1
262100;;;KELP;SEASHELLS;2048.0;1
262100;;;RAINFOREST_RESIN;SEASHELLS;10002.0;1
262700;;;KELP;SEASHELLS;2048.0;1
263200;;;RAINFOREST_RESIN;SEASHELLS;10004.0;2
263300;;;RAINFOREST_RESIN;SEASHELLS;9998.0;2
263300;;;RAINFOREST_RESIN;SEASHELLS;9998.0;1
263900;;;RAINFOREST_RESIN;SEASHELLS;10002.0;1
263900;;;RAINFOREST_RESIN;SEASHELLS;10002.0;4
264100;;;RAINFOREST_RESIN;SEASHELLS;10005.0;2
264100;;;KELP;SEASHELLS;2055.0;2
264300;;;KELP;SEASHELLS;2049.0;4
264500;;;RAINFOREST_RESIN;SEASHELLS;9998.0;1
264500;;;KELP;SEASHELLS;2050.0;2
264700;;;RAINFOREST_RESIN;SEASHELLS;9998.0;1
264700;;;KELP;SEASHELLS;2053.0;10
264700;;;RAINFOREST_RESIN;SEASHELLS;9998.0;4
264700;;;KELP;SEASHELLS;2053.0;3
264800;;;RAINFOREST_RESIN;SEASHELLS;10004.0;2
265200;;;KELP;SEASHELLS;2055.0;1
265600;;;RAINFOREST_RESIN;SEASHELLS;9998.0;1
265900;;;RAINFOREST_RESIN;SEASHELLS;9995.0;4
266000;;;RAINFOREST_RESIN;SEASHELLS;9998.0;1
266100;;;KELP;SEASHELLS;2056.0;1
266700;;;KELP;SEASHELLS;2056.0;2
266700;;;RAINFOREST_RESIN;SEASHELLS;10005.0;2
267100;;;RAINFOREST_RESIN;SEASHELLS;10002.0;2
267900;;;RAINFOREST_RESIN;SEASHELLS;10004.0;1
267900;;;RAINFOREST_RESIN;SEASHELLS;10004.0;4
268200;;;KELP;SEASHELLS;2049.0;1
268200;;;KELP;SEASHELLS;2056.0;2
268200;;;RAINFOREST_RESIN;SEASHELLS;10005.0;2
268300;;;KELP;SEASHELLS;2048.0;1
268300;;;RAINFOREST_RESIN;SEASHELLS;9995.0;1
268400;;;KELP;SEASHELLS;2054.0;1
268500;;;KELP;SEASHELLS;2048.0;1
269200;;;KELP;SEASHELLS;2054.0;1
269400;;;KELP;SEASHELLS;2049.0;1
269700;;;KELP;SEASHELLS;2054.0;1
270100;;;RAINFOREST_RESIN;SEASHELLS;9996.0;4
270100;;;RAINFOREST_RESIN;SEASHELLS;9996.0;2
270100;;;RAINFOREST_RESIN;SEASHELLS;9998.0;1
270300;;;KELP;SEASHELLS;2057.0;6
270500;;;RAINFOREST_RESIN;SEASHELLS;10002.0;1
270500;;;KELP;SEASHELLS;2054.0;1
271200;;;KELP;SEASHELLS;2053.0;1
271400;;;RAINFOREST_RESIN;SEASHELLS;10002.0;1
271500;;;RAINFOREST_RESIN;SEASHELLS;10005.0;6
272500;;;RAINFOREST_RESIN;SEASHELLS;9996.0;2
272500;;;KELP;SEASHELLS;2045.0;2
272900;;;KELP;SEASHELLS;2047.0;1
273100;;;RAINFOREST_RESIN;SEASHELLS;10002.0;2
273400;;;KELP;SEASHELLS;2046.0;15
273500;;;RAINFOREST_RESIN;SEASHELLS;10002.0;1
273500;;;RAINFOREST_RESIN;SEASHELLS;9995.0;10
273700;;;RAINFOREST_RESIN;SEASHELLS;10004.0;1
274000;;;RAINFOREST_RESIN;SEASHELLS;9996.0;1
274300;;;RAINFOREST_RESIN;SEASHELLS;10004.0;1
274300;;;KELP;SEASHELLS;2051.0;1
274700;;;KELP;SEASHELLS;2050.0;5
274900;;;RAINFOREST_RESIN;SEASHELLS;9996.0;2
274900;;;KELP;SEASHELLS;2045.0;2
275500;;;RAINFOREST_RESIN;SEASHELLS;9996.0;1
275600;;;RAINFOREST_RESIN;SEASHELLS;9998.0;1
275700;;;RAINFOREST_RESIN;SEASHELLS;9998.0;1
276300;;;KELP;SEASHELLS;2052.0;1
276300;;;RAINFOREST_RESIN;SEASHELLS;10004.0;1
276800;;;KELP;SEASHELLS;2045.0;15
277300;;;KELP;SEASHELLS;2045.0;4
277600;;;KELP;SEASHELLS;2045.0;1
277800;;;RAINFOREST_RESIN;SEASHELLS;10002.0;1
278000;;;KELP;SEASHELLS;2048.0;1
278000;;;RAINFOREST_RESIN;SEASHELLS;9996.0;1
278000;;;KELP;SEASHELLS;2048.0;2
278100;;;KELP;SEASHELLS;2047.0;1
278500;;;KELP;SEASHELLS;2053.0;1
278700;;;RAINFOREST_RESIN;SEASHELLS;10002.0;1
278700;;;KELP;SEASHELLS;2053.0;1
278700;;;RAINFOREST_RESIN;SEASHELLS;10002.0;1
278700;;;KELP;SEASHELLS;2052.0;3
279000;;;KELP;SEASHELLS;2053.0;1
279300;;;KELP;SEASHELLS;2049.0;1
279600;;;KELP;SEASHELLS;2049.0;1
279600;;;RAINFOREST_RESIN;SEASHELLS;10002.0;1
280000;;;RAINFOREST_RESIN;SEASHELLS;9996.0;1
280000;;;RAINFOREST_RESIN;SEASHELLS;9996.0;1
280500;;;KELP;SEASHELLS;2047.0;2
280500;;;RAINFOREST_RESIN;SEASHELLS;9996.0;1
280500;;;KELP;SEASHELLS;2048.0;1
280700;;;KELP;SEASHELLS;2053.0;1
280800;;;RAINFOREST_RESIN;SEASHELLS;10002.0;1
280800;;;RAINFOREST_RESIN;SEASHELLS;10002.0;1
280900;;;KELP;SEASHELLS;2053.0;5
281200;;;RAINFOREST_RESIN;SEASHELLS;9998.0;3
281200;;;RAINFOREST_RESIN;SEASHELLS;9998.0;4
281300;;;KELP;SEASHELLS;2053.0;1
281400;;;KELP;SEASHELLS;2049.0;2
281700;;;KELP;SEASHELLS;2055.0;1
281700;;;RAINFOREST_RESIN;SEASHELLS;10004.0;1
282100;;;KELP;SEASHELLS;2050.0;1
282800;;;RAINFOREST_RESIN;SEASHELLS;9998.0;1
282900;;;KELP;SEASHELLS;2056.0;1
283400;;;KELP;SEASHELLS;2051.0;1
283500;;;KELP;SEASHELLS;2052.0;5
283600;;;RAINFOREST_RESIN;SEASHELLS;10004.0;2
283600;;;KELP;SEASHELLS;2051.0;1
283600;;;KELP;SEASHELLS;2057.0;2
283700;;;KELP;SEASHELLS;2057.0;1
283900;;;KELP;SEASHELLS;2051.0;1
284200;;;KELP;SEASHELLS;2057.0;10
284700;;;KELP;SEASHELLS;2050.0;2
284700;;;RAINFOREST_RESIN;SEASHELLS;9996.0;2
284800;;;KELP;SEASHELLS;2050.0;1
285000;;;RAINFOREST_RESIN;SEASHELLS;9996.0;1
285500;;;KELP;SEASHELLS;2053.0;1
285500;;;KELP;SEASHELLS;2050.0;1
285500;;;KELP;SEASHELLS;2053.0;12
285700;;;KELP;SEASHELLS;2051.0;1
286400;;;RAINFOREST_RESIN;SEASHELLS;10004.0;1
286400;;;KELP;SEASHELLS;2057.0;1
286500;;;KELP;SEASHELLS;2056.0;1
286600;;;KELP;SEASHELLS;2058.0;1
286600;;;RAINFOREST_RESIN;SEASHELLS;10004.0;1
286800;;;RAINFOREST_RESIN;SEASHELLS;9998.0;1
287000;;;KELP;SEASHELLS;2056.0;1
287200;;;RAINFOREST_RESIN;SEASHELLS;10002.0;1
287900;;;KELP;SEASHELLS;2047.0;4
288900;;;KELP;SEASHELLS;2055.0;5
289300;;;KELP;SEASHELLS;2054.0;2
289300;;;KELP;SEASHELLS;2054.0;6
289600;;;KELP;SEASHELLS;2050.0;12
289900;;;RAINFOREST_RESIN;SEASHELLS;9995.0;2
289900;;;RAINFOREST_RESIN;SEASHELLS;10005.0;2
289900;;;KELP;SEASHELLS;2050.0;2
290200;;;KELP;SEASHELLS;2056.0;1
290400;;;RAINFOREST_RESIN;SEASHELLS;10004.0;2
290400;;;RAINFOREST_RESIN;SEASHELLS;10005.0;1
290400;;;KELP;SEASHELLS;2058.0;1
290400;;;RAINFOREST_RESIN;SEASHELLS;10004.0;6
290800;;;RAINFOREST_RESIN;SEASHELLS;9998.0;1
290800;;;KELP;SEASHELLS;2051.0;4
290900;;;RAINFOREST_RESIN;SEASHELLS;9996.0;1
290900;;;KELP;SEASHELLS;2050.0;1
291200;;;RAINFOREST_RESIN;SEASHELLS;9998.0;1
291400;;;KELP;SEASHELLS;2049.0;1
291500;;;RAINFOREST_RESIN;SEASHELLS;9995.0;7
291600;;;RAINFOREST_RESIN;SEASHELLS;10004.0;2
291900;;;KELP;SEASHELLS;2050.0;2
292200;;;KELP;SEASHELLS;2056.0;15
292400;;;KELP;SEASHELLS;2057.0;13
292500;;;RAINFOREST_RESIN;SEASHELLS;9998.0;1
292600;;;KELP;SEASHELLS;2057.0;1
292600;;;RAINFOREST_RESIN;SEASHELLS;10004.0;1
292800;;;KELP;SEASHELLS;2056.0;1
292800;;;RAINFOREST_RESIN;SEASHELLS;10002.0;1
292900;;;RAINFOREST_RESIN;SEASHELLS;10004.0;2
293500;;;KELP;SEASHELLS;2053.0;1
293500;;;KELP;SEASHELLS;2053.0;4
293500;;;KELP;SEASHELLS;2054.0;4
293500;;;RAINFOREST_RESIN;SEASHELLS;10000.0;1
293800;;;KELP;SEASHELLS;2053.0;1
293900;;;RAINFOREST_RESIN;SEASHELLS;9998.0;1
293900;;;KELP;SEASHELLS;2058.0;1
294200;;;KELP;SEASHELLS;2053.0;3
294200;;;KELP;SEASHELLS;2053.0;2
294300;;;RAINFOREST_RESIN;SEASHELLS;9996.0;1
294300;;;KELP;SEASHELLS;2051.0;2
294400;;;RAINFOREST_RESIN;SEASHELLS;10005.0;3
294500;;;RAINFOREST_RESIN;SEASHELLS;9998.0;1
294600;;;KELP;SEASHELLS;2057.0;15
295000;;;KELP;SEASHELLS;2051.0;10
295600;;;KELP;SEASHELLS;2049.0;1
296400;;;RAINFOREST_RESIN;SEASHELLS;9998.0;5
296800;;;RAINFOREST_RESIN;SEASHELLS;10002.0;5
297100;;;KELP;SEASHELLS;2050.0;1
297100;;;RAINFOREST_RESIN;SEASHELLS;10004.0;1
297100;;;KELP;SEASHELLS;2050.0;1
297600;;;KELP;SEASHELLS;2049.0;2
297600;;;RAINFOREST_RESIN;SEASHELLS;10002.0;2
298400;;;RAINFOREST_RESIN;SEASHELLS;9998.0;1
298700;;;KELP;SEASHELLS;2045.0;15
298900;;;RAINFOREST_RESIN;SEASHELLS;9995.0;1
298900;;;KELP;SEASHELLS;2045.0;1
299200;;;RAINFOREST_RESIN;SEASHELLS;9996.0;2
299200;;;RAINFOREST_RESIN;SEASHELLS;9996.0;10
299400;;;KELP;SEASHELLS;2047.0;2
299400;;;RAINFOREST_RESIN;SEASHELLS;9996.0;1
299400;;;KELP;SEASHELLS;2047.0;1
299500;;;KELP;SEASHELLS;2050.0;5
299600;;;KELP;SEASHELLS;2048.0;1
299700;;;KELP;SEASHELLS;2049.0;2
299800;;;RAINFOREST_RESIN;SEASHELLS;9998.0;1
299800;;;RAINFOREST_RESIN;SEASHELLS;10004.0;1
299800;;;KELP;SEASHELLS;2054.0;1
299900;;;RAINFOREST_RESIN;SEASHELLS;9996.0;1
299900;;;KELP;SEASHELLS;2048.0;1
300300;;;KELP;SEASHELLS;2053.0;1
300400;;;KELP;SEASHELLS;2048.0;2
300400;;;KELP;SEASHELLS;2048.0;1
300400;;;RAINFOREST_RESIN;SEASHELLS;9995.0;2
300700;;;KELP;SEASHELLS;2054.0;1
300800;;;KELP;SEASHELLS;2049.0;1
301200;;;RAINFOREST_RESIN;SEASHELLS;10004.0;1
301200;;;KELP;SEASHELLS;2054.0;1
301200;;;RAINFOREST_RESIN;SEASHELLS;10004.0;1
301200;;;KELP;SEASHELLS;2054.0;2
301200;;;KELP;SEASHELLS;2053.0;7
301800;;;KELP;SEASHELLS;2047.0;14
301900;;;RAINFOREST_RESIN;SEASHELLS;10002.0;1
302100;;;RAINFOREST_RESIN;SEASHELLS;9998.0;1
302400;;;KELP;SEASHELLS;2047.0;1
302600;;;RAINFOREST_RESIN;SEASHELLS;9998.0;1
302700;;;RAINFOREST_RESIN;SEASHELLS;9998.0;1
303000;;;RAINFOREST_RESIN;SEASHELLS;9998.0;5
303100;;;KELP;SEASHELLS;2049.0;1
303100;;;RAINFOREST_RESIN;SEASHELLS;9998.0;1
303500;;;KELP;SEASHELLS;2054.0;5
303900;;;RAINFOREST_RESIN;SEASHELLS;9998.0;1
304400;;;KELP;SEASHELLS;2054.0;1
304600;;;KELP;SEASHELLS;2052.0;1
304600;;;KELP;SEASHELLS;2054.0;1
305100;;;RAINFOREST_RESIN;SEASHELLS;10002.0;1
305200;;;RAINFOREST_RESIN;SEASHELLS;10002.0;1
305300;;;RAINFOREST_RESIN;SEASHELLS;9998.0;5
305500;;;KELP;SEASHELLS;2053.0;5
305700;;;KELP;SEASHELLS;2051.0;1
305700;;;KELP;SEASHELLS;2052.0;4
305900;;;KELP;SEASHELLS;2055.0;1
305900;;;KELP;SEASHELLS;2049.0;2
305900;;;RAINFOREST_RESIN;SEASHELLS;9996.0;1
306100;;;KELP;SEASHELLS;2056.0;1
306100;;;RAINFOREST_RESIN;SEASHELLS;10005.0;1
306100;;;RAINFOREST_RESIN;SEASHELLS;10004.0;1
306500;;;RAINFOREST_RESIN;SEASHELLS;9996.0;2
306800;;;KELP;SEASHELLS;2046.0;8
307000;;;RAINFOREST_RESIN;SEASHELLS;9998.0;3
307200;;;RAINFOREST_RESIN;SEASHELLS;9995.0;2
307200;;;KELP;SEASHELLS;2045.0;2
307300;;;KELP;SEASHELLS;2049.0;6
307500;;;KELP;SEASHELLS;2051.0;1
307700;;;KELP;SEASHELLS;2045.0;1
308500;;;RAINFOREST_RESIN;SEASHELLS;9995.0;1
308500;;;KELP;SEASHELLS;2050.0;1
308600;;;KELP;SEASHELLS;2045.0;1
308600;;;RAINFOREST_RESIN;SEASHELLS;9998.0;1
308900;;;KELP;SEASHELLS;2043.0;9
309000;;;KELP;SEASHELLS;2044.0;1
309200;;;KELP;SEASHELLS;2047.0;2
309300;;;RAINFOREST_RESIN;SEASHELLS;9998.0;1
309400;;;KELP;SEASHELLS;2050.0;1
309400;;;RAINFOREST_RESIN;SEASHELLS;10002.0;1
309800;;;RAINFOREST_RESIN;SEASHELLS;10002.0;1
310000;;;RAINFOREST_RESIN;SEASHELLS;10002.0;1
310100;;;KELP;SEASHELLS;2050.0;1
310500;;;RAINFOREST_RESIN;SEASHELLS;9998.0;1
310700;;;KELP;SEASHELLS;2050.0;3
310800;;;KELP;SEASHELLS;2050.0;1
310900;;;KELP;SEASHELLS;2046.0;1
311000;;;RAINFOREST_RESIN;SEASHELLS;9998.0;1
311100;;;KELP;SEASHELLS;2050.0;1
311300;;;KELP;SEASHELLS;2047.0;1
311600;;;KELP;SEASHELLS;2046.0;3
311600;;;KELP;SEASHELLS;2048.0;3
311700;;;KELP;SEASHELLS;2045.0;1
311800;;;RAINFOREST_RESIN;SEASHELLS;10002.0;1
312100;;;KELP;SEASHELLS;2045.0;1
312300;;;KELP;SEASHELLS;2045.0;1
312300;;;RAINFOREST_RESIN;SEASHELLS;9996.0;1
312400;;;RAINFOREST_RESIN;SEASHELLS;9998.0;1
312500;;;KELP;SEASHELLS;2049.0;5
312500;;;KELP;SEASHELLS;2045.0;1
312700;;;KELP;SEASHELLS;2051.0;1
313500;;;RAINFOREST_RESIN;SEASHELLS;10004.0;2
313500;;;RAINFOREST_RESIN;SEASHELLS;10004.0;6
314200;;;KELP;SEASHELLS;2043.0;2
314200;;;RAINFOREST_RESIN;SEASHELLS;9996.0;1
314400;;;KELP;SEASHELLS;2044.0;1
314400;;;RAINFOREST_RESIN;SEASHELLS;9996.0;1
314800;;;RAINFOREST_RESIN;SEASHELLS;10002.0;4
314900;;;RAINFOREST_RESIN;SEASHELLS;9996.0;1
314900;;;KELP;SEASHELLS;2043.0;1
315100;;;KELP;SEASHELLS;2043.0;1
315100;;;RAINFOREST_RESIN;SEASHELLS;9998.0;1
315200;;;KELP;SEASHELLS;2049.0;11
315800;;;KELP;SEASHELLS;2047.0;5
316000;;;KELP;SEASHELLS;2048.0;1
316400;;;KELP;SEASHELLS;2048.0;9
316400;;;RAINFOREST_RESIN;SEASHELLS;10002.0;1
316600;;;RAINFOREST_RESIN;SEASHELLS;9996.0;2
316600;;;KELP;SEASHELLS;2044.0;2
317000;;;KELP;SEASHELLS;2051.0;1
317000;;;RAINFOREST_RESIN;SEASHELLS;9998.0;1
317100;;;KELP;SEASHELLS;2045.0;1
317200;;;KELP;SEASHELLS;2046.0;1
317300;;;RAINFOREST_RESIN;SEASHELLS;9998.0;1
317400;;;KELP;SEASHELLS;2046.0;1
317400;;;KELP;SEASHELLS;2048.0;5
317500;;;KELP;SEASHELLS;2051.0;1
317900;;;KELP;SEASHELLS;2050.0;1
318500;;;KELP;SEASHELLS;2050.0;1
318500;;;KELP;SEASHELLS;2049.0;4
318600;;;RAINFOREST_RESIN;SEASHELLS;9996.0;1
318600;;;KELP;SEASHELLS;2044.0;2
318600;;;RAINFOREST_RESIN;SEASHELLS;9996.0;1
319000;;;KELP;SEASHELLS;2050.0;1
319300;;;RAINFOREST_RESIN;SEASHELLS;9996.0;1
319500;;;RAINFOREST_RESIN;SEASHELLS;10002.0;7
319500;;;RAINFOREST_RESIN;SEASHELLS;10002.0;1
319800;;;KELP;SEASHELLS;2046.0;4
320000;;;RAINFOREST_RESIN;SEASHELLS;10002.0;1
320100;;;RAINFOREST_RESIN;SEASHELLS;10005.0;2
320300;;;RAINFOREST_RESIN;SEASHELLS;10002.0;1
320600;;;RAINFOREST_RESIN;SEASHELLS;9996.0;1
320600;;;KELP;SEASHELLS;2044.0;1
320900;;;KELP;SEASHELLS;2044.0;1
321000;;;KELP;SEASHELLS;2043.0;1
321200;;;RAINFOREST_RESIN;SEASHELLS;9998.0;1
321500;;;RAINFOREST_RESIN;SEASHELLS;10002.0;1
321600;;;RAINFOREST_RESIN;SEASHELLS;9998.0;1
321700;;;RAINFOREST_RESIN;SEASHELLS;10002.0;2
322400;;;KELP;SEASHELLS;2043.0;14
322600;;;KELP;SEASHELLS;2047.0;3
322600;;;RAINFOREST_RESIN;SEASHELLS;10002.0;1
322700;;;KELP;SEASHELLS;2043.0;15
322900;;;RAINFOREST_RESIN;SEASHELLS;9998.0;1
322900;;;RAINFOREST_RESIN;SEASHELLS;9998.0;2
322900;;;RAINFOREST_RESIN;SEASHELLS;9998.0;5
322900;;;KELP;SEASHELLS;2043.0;2
323000;;;KELP;SEASHELLS;2048.0;1
323600;;;KELP;SEASHELLS;2049.0;1
323700;;;RAINFOREST_RESIN;SEASHELLS;10002.0;2
323700;;;KELP;SEASHELLS;2045.0;1
323700;;;KELP;SEASHELLS;2045.0;4
324100;;;KELP;SEASHELLS;2050.0;2
324100;;;RAINFOREST_RESIN;SEASHELLS;10004.0;1
324100;;;RAINFOREST_RESIN;SEASHELLS;10004.0;1
324600;;;RAINFOREST_RESIN;SEASHELLS;10002.0;1
324600;;;KELP;SEASHELLS;2043.0;8
324600;;;KELP;SEASHELLS;2043.0;2
324800;;;KELP;SEASHELLS;2048.0;1
324800;;;KELP;SEASHELLS;2044.0;6
325200;;;KELP;SEASHELLS;2046.0;2
325400;;;RAINFOREST_RESIN;SEASHELLS;9998.0;1
325400;;;KELP;SEASHELLS;2044.0;1
325600;;;KELP;SEASHELLS;2050.0;1
325600;;;RAINFOREST_RESIN;SEASHELLS;10004.0;1
326200;;;RAINFOREST_RESIN;SEASHELLS;10004.0;1
326200;;;KELP;SEASHELLS;2051.0;1
326200;;;RAINFOREST_RESIN;SEASHELLS;10002.0;1
326500;;;KELP;SEASHELLS;2048.0;6
326800;;;KELP;SEASHELLS;2046.0;12
326900;;;RAINFOREST_RESIN;SEASHELLS;10002.0;2
326900;;;KELP;SEASHELLS;2046.0;1
327300;;;KELP;SEASHELLS;2054.0;1
327300;;;RAINFOREST_RESIN;SEASHELLS;10005.0;1
327400;;;RAINFOREST_RESIN;SEASHELLS;10002.0;1
327400;;;KELP;SEASHELLS;2048.0;2
327800;;;KELP;SEASHELLS;2047.0;1
328400;;;KELP;SEASHELLS;2052.0;1
328700;;;KELP;SEASHELLS;2046.0;2
328700;;;RAINFOREST_RESIN;SEASHELLS;9995.0;2
329500;;;RAINFOREST_RESIN;SEASHELLS;10005.0;2
329500;;;KELP;SEASHELLS;2052.0;2
329700;;;KELP;SEASHELLS;2045.0;1
330200;;;KELP;SEASHELLS;2050.0;1
330300;;;KELP;SEASHELLS;2050.0;1
330300;;;KELP;SEASHELLS;2050.0;1
330300;;;RAINFOREST_RESIN;SEASHELLS;10002.0;2
330400;;;KELP;SEASHELLS;2050.0;9
330400;;;KELP;SEASHELLS;2046.0;1
330600;;;KELP;SEASHELLS;2045.0;1
330800;;;KELP;SEASHELLS;2052.0;1
330800;;;RAINFOREST_RESIN;SEASHELLS;10004.0;1
331000;;;KELP;SEASHELLS;2047.0;5
331100;;;KELP;SEASHELLS;2046.0;1
331200;;;KELP;SEASHELLS;2045.0;1
331200;;;RAINFOREST_RESIN;SEASHELLS;10002.0;1
331400;;;RAINFOREST_RESIN;SEASHELLS;9998.0;1
331800;;;RAINFOREST_RESIN;SEASHELLS;10002.0;1
331800;;;KELP;SEASHELLS;2049.0;2
332100;;;RAINFOREST_RESIN;SEASHELLS;9998.0;1
332100;;;KELP;SEASHELLS;2044.0;1
332300;;;KELP;SEASHELLS;2045.0;1
332300;;;RAINFOREST_RESIN;SEASHELLS;10002.0;1
332400;;;RAINFOREST_RESIN;SEASHELLS;10005.0;2
332400;;;KELP;SEASHELLS;2052.0;2
332600;;;KELP;SEASHELLS;2046.0;2
332700;;;RAINFOREST_RESIN;SEASHELLS;10004.0;2
332900;;;KELP;SEASHELLS;2044.0;10
333700;;;KELP;SEASHELLS;2043.0;15
334000;;;KELP;SEASHELLS;2048.0;1
334000;;;KELP;SEASHELLS;2045.0;5
336100;;;KELP;SEASHELLS;2040.0;1
336700;;;RAINFOREST_RESIN;SEASHELLS;10004.0;1
336700;;;KELP;SEASHELLS;2047.0;7
336700;;;KELP;SEASHELLS;2047.0;1
336900;;;KELP;SEASHELLS;2044.0;4
337000;;;RAINFOREST_RESIN;SEASHELLS;9998.0;1
337100;;;RAINFOREST_RESIN;SEASHELLS;9998.0;1
337500;;;KELP;SEASHELLS;2049.0;15
337900;;;KELP;SEASHELLS;2049.0;1
338100;;;KELP;SEASHELLS;2043.0;14
338200;;;KELP;SEASHELLS;2045.0;2
338200;;;RAINFOREST_RESIN;SEASHELLS;9996.0;1
338200;;;KELP;SEASHELLS;2045.0;1
338300;;;KELP;SEASHELLS;2045.0;1
338400;;;RAINFOREST_RESIN;SEASHELLS;9998.0;1
339700;;;RAINFOREST_RESIN;SEASHELLS;9995.0;2
340400;;;RAINFOREST_RESIN;SEASHELLS;9996.0;1
340400;;;KELP;SEASHELLS;2041.0;1
340900;;;KELP;SEASHELLS;2041.0;14
341100;;;KELP;SEASHELLS;2047.0;2
341100;;;KELP;SEASHELLS;2047.0;10
341100;;;RAINFOREST_RESIN;SEASHELLS;9998.0;1
341400;;;KELP;SEASHELLS;2049.0;1
342000;;;RAINFOREST_RESIN;SEASHELLS;10002.0;1
342700;;;KELP;SEASHELLS;2052.0;3
342800;;;RAINFOREST_RESIN;SEASHELLS;10004.0;1
342800;;;RAINFOREST_RESIN;SEASHELLS;10004.0;1
342800;;;RAINFOREST_RESIN;SEASHELLS;10004.0;1
342800;;;KELP;SEASHELLS;2047.0;1
342900;;;KELP;SEASHELLS;2047.0;2
342900;;;KELP;SEASHELLS;2048.0;1
342900;;;RAINFOREST_RESIN;SEASHELLS;9996.0;1
343200;;;RAINFOREST_RESIN;SEASHELLS;10002.0;3
343300;;;KELP;SEASHELLS;2048.0;1
343400;;;KELP;SEASHELLS;2055.0;10
343800;;;KELP;SEASHELLS;2053.0;1
344100;;;RAINFOREST_RESIN;SEASHELLS;9998.0;1
344300;;;RAINFOREST_RESIN;SEASHELLS;10002.0;3
344800;;;RAINFOREST_RESIN;SEASHELLS;9995.0;5
344900;;;KELP;SEASHELLS;2048.0;2
344900;;;RAINFOREST_RESIN;SEASHELLS;9995.0;2
345200;;;KELP;SEASHELLS;2054.0;1
345300;;;RAINFOREST_RESIN;SEASHELLS;9998.0;1
345500;;;KELP;SEASHELLS;2054.0;1
346100;;;KELP;SEASHELLS;2049.0;1
346100;;;KELP;SEASHELLS;2049.0;4
346800;;;RAINFOREST_RESIN;SEASHELLS;10005.0;5
346900;;;RAINFOREST_RESIN;SEASHELLS;9998.0;1
347100;;;RAINFOREST_RESIN;SEASHELLS;10002.0;1
347300;;;RAINFOREST_RESIN;SEASHELLS;10004.0;2
347900;;;RAINFOREST_RESIN;SEASHELLS;9995.0;7
348100;;;RAINFOREST_RESIN;SEASHELLS;9998.0;5
348700;;;KELP;SEASHELLS;2045.0;4
349300;;;KELP;SEASHELLS;2050.0;1
350300;;;RAINFOREST_RESIN;SEASHELLS;10002.0;2
350400;;;KELP;SEASHELLS;2046.0;1
350600;;;KELP;SEASHELLS;2052.0;5
350600;;;KELP;SEASHELLS;2052.0;7
350900;;;KELP;SEASHELLS;2053.0;1
351000;;;RAINFOREST_RESIN;SEASHELLS;10002.0;1
351700;;;RAINFOREST_RESIN;SEASHELLS;9998.0;1
351900;;;KELP;SEASHELLS;2046.0;1
351900;;;RAINFOREST_RESIN;SEASHELLS;10002.0;1
352800;;;KELP;SEASHELLS;2048.0;3
353100;;;RAINFOREST_RESIN;SEASHELLS;10002.0;1
353200;;;KELP;SEASHELLS;2050.0;1
353900;;;KELP;SEASHELLS;2044.0;1
353900;;;RAINFOREST_RESIN;SEASHELLS;9996.0;1
354600;;;KELP;SEASHELLS;2044.0;1
355000;;;RAINFOREST_RESIN;SEASHELLS;10002.0;1
355000;;;KELP;SEASHELLS;2049.0;1
355600;;;KELP;SEASHELLS;2044.0;1
355700;;;RAINFOREST_RESIN;SEASHELLS;10005.0;4
355800;;;KELP;SEASHELLS;2044.0;1
356000;;;KELP;SEASHELLS;2049.0;8
356100;;;KELP;SEASHELLS;2045.0;1
356100;;;KELP;SEASHELLS;2045.0;9
356800;;;RAINFOREST_RESIN;SEASHELLS;9998.0;4
356900;;;KELP;SEASHELLS;2046.0;1
357100;;;KELP;SEASHELLS;2047.0;4
357100;;;KELP;SEASHELLS;2046.0;1
357200;;;RAINFOREST_RESIN;SEASHELLS;9998.0;7
357400;;;RAINFOREST_RESIN;SEASHELLS;9998.0;1
357600;;;RAINFOREST_RESIN;SEASHELLS;9995.0;2
357600;;;KELP;SEASHELLS;2045.0;2
358100;;;KELP;SEASHELLS;2046.0;1
358500;;;RAINFOREST_RESIN;SEASHELLS;9998.0;1
358600;;;KELP;SEASHELLS;2054.0;8
358900;;;RAINFOREST_RESIN;SEASHELLS;10002.0;1
358900;;;KELP;SEASHELLS;2051.0;3
358900;;;KELP;SEASHELLS;2051.0;1
359100;;;RAINFOREST_RESIN;SEASHELLS;10004.0;1
359300;;;RAINFOREST_RESIN;SEASHELLS;10005.0;1
359300;;;KELP;SEASHELLS;2052.0;1
359700;;;RAINFOREST_RESIN;SEASHELLS;10002.0;1
359900;;;KELP;SEASHELLS;2048.0;1
359900;;;RAINFOREST_RESIN;SEASHELLS;9996.0;1
360000;;;RAINFOREST_RESIN;SEASHELLS;10005.0;1
360000;;;KELP;SEASHELLS;2055.0;1
360200;;;KELP;SEASHELLS;2053.0;8
360300;;;RAINFOREST_RESIN;SEASHELLS;10002.0;2
360300;;;KELP;SEASHELLS;2055.0;8
360600;;;RAINFOREST_RESIN;SEASHELLS;9996.0;2
360600;;;RAINFOREST_RESIN;SEASHELLS;9996.0;3
361100;;;KELP;SEASHELLS;2049.0;4
361400;;;KELP;SEASHELLS;2047.0;1
361400;;;KELP;SEASHELLS;2047.0;5
361800;;;KELP;SEASHELLS;2050.0;3
361800;;;RAINFOREST_RESIN;SEASHELLS;9998.0;1
362000;;;RAINFOREST_RESIN;SEASHELLS;9995.0;11
362100;;;RAINFOREST_RESIN;SEASHELLS;10002.0;1
362300;;;KELP;SEASHELLS;2050.0;3
362900;;;KELP;SEASHELLS;2051.0;1
363100;;;RAINFOREST_RESIN;SEASHELLS;9998.0;1
363200;;;RAINFOREST_RESIN;SEASHELLS;10005.0;2
363200;;;KELP;SEASHELLS;2053.0;2
363300;;;KELP;SEASHELLS;2046.0;1
363600;;;RAINFOREST_RESIN;SEASHELLS;10002.0;4
363600;;;RAINFOREST_RESIN;SEASHELLS;10002.0;1
363600;;;KELP;SEASHELLS;2049.0;4
363600;;;KELP;SEASHELLS;2046.0;1
363700;;;KELP;SEASHELLS;2053.0;12
364000;;;RAINFOREST_RESIN;SEASHELLS;10002.0;1
364000;;;RAINFOREST_RESIN;SEASHELLS;10002.0;3
364000;;;RAINFOREST_RESIN;SEASHELLS;10002.0;1
364100;;;RAINFOREST_RESIN;SEASHELLS;9998.0;1
364300;;;KELP;SEASHELLS;2053.0;1
364400;;;RAINFOREST_RESIN;SEASHELLS;9998.0;1
365000;;;RAINFOREST_RESIN;SEASHELLS;10002.0;1
365000;;;RAINFOREST_RESIN;SEASHELLS;10002.0;4
365100;;;RAINFOREST_RESIN;SEASHELLS;9998.0;1
365200;;;RAINFOREST_RESIN;SEASHELLS;10004.0;2
365200;;;KELP;SEASHELLS;2053.0;2
365400;;;KELP;SEASHELLS;2048.0;1
365600;;;RAINFOREST_RESIN;SEASHELLS;10004.0;2
365600;;;KELP;SEASHELLS;2052.0;2
365600;;;RAINFOREST_RESIN;SEASHELLS;9998.0;3
365600;;;KELP;SEASHELLS;2047.0;1
365900;;;RAINFOREST_RESIN;SEASHELLS;9996.0;3
365900;;;RAINFOREST_RESIN;SEASHELLS;9996.0;1
366000;;;RAINFOREST_RESIN;SEASHELLS;10002.0;1
366000;;;KELP;SEASHELLS;2052.0;1
366100;;;KELP;SEASHELLS;2053.0;10
366700;;;KELP;SEASHELLS;2051.0;1
367000;;;KELP;SEASHELLS;2048.0;5
367400;;;RAINFOREST_RESIN;SEASHELLS;9998.0;1
367400;;;KELP;SEASHELLS;2052.0;1
367700;;;KELP;SEASHELLS;2053.0;4
368000;;;RAINFOREST_RESIN;SEASHELLS;10002.0;1
368700;;;KELP;SEASHELLS;2048.0;4
368700;;;KELP;SEASHELLS;2048.0;1
368700;;;RAINFOREST_RESIN;SEASHELLS;10005.0;1
368700;;;KELP;SEASHELLS;2047.0;9
368700;;;RAINFOREST_RESIN;SEASHELLS;10002.0;4
368900;;;RAINFOREST_RESIN;SEASHELLS;9998.0;1
369000;;;KELP;SEASHELLS;2048.0;1
369100;;;RAINFOREST_RESIN;SEASHELLS;9996.0;2
369200;;;KELP;SEASHELLS;2053.0;2
369600;;;RAINFOREST_RESIN;SEASHELLS;10002.0;4
369700;;;RAINFOREST_RESIN;SEASHELLS;9998.0;1
369700;;;KELP;SEASHELLS;2053.0;13
369900;;;KELP;SEASHELLS;2051.0;2
370500;;;KELP;SEASHELLS;2047.0;1
370900;;;KELP;SEASHELLS;2046.0;14
370900;;;RAINFOREST_RESIN;SEASHELLS;10002.0;6
371600;;;RAINFOREST_RESIN;SEASHELLS;10002.0;1
371600;;;RAINFOREST_RESIN;SEASHELLS;10002.0;4
371600;;;KELP;SEASHELLS;2046.0;1
372000;;;KELP;SEASHELLS;2046.0;1
372700;;;KELP;SEASHELLS;2053.0;7
372800;;;RAINFOREST_RESIN;SEASHELLS;10004.0;1
372800;;;KELP;SEASHELLS;2047.0;1
373200;;;RAINFOREST_RESIN;SEASHELLS;9998.0;1
373600;;;RAINFOREST_RESIN;SEASHELLS;9998.0;1
373600;;;KELP;SEASHELLS;2045.0;1
373800;;;KELP;SEASHELLS;2046.0;3
373900;;;RAINFOREST_RESIN;SEASHELLS;9998.0;1
374700;;;RAINFOREST_RESIN;SEASHELLS;9998.0;1
375400;;;KELP;SEASHELLS;2047.0;1
375500;;;KELP;SEASHELLS;2050.0;2
375700;;;KELP;SEASHELLS;2048.0;4
375900;;;RAINFOREST_RESIN;SEASHELLS;9998.0;1
376000;;;RAINFOREST_RESIN;SEASHELLS;9998.0;1
376100;;;RAINFOREST_RESIN;SEASHELLS;10002.0;2
376400;;;RAINFOREST_RESIN;SEASHELLS;10002.0;2
376400;;;RAINFOREST_RESIN;SEASHELLS;10002.0;1
376400;;;KELP;SEASHELLS;2054.0;1
376800;;;KELP;SEASHELLS;2055.0;2
376800;;;RAINFOREST_RESIN;SEASHELLS;9998.0;1
377000;;;RAINFOREST_RESIN;SEASHELLS;9998.0;1
377200;;;KELP;SEASHELLS;2053.0;3
377200;;;RAINFOREST_RESIN;SEASHELLS;9998.0;1
377300;;;KELP;SEASHELLS;2052.0;4
377300;;;KELP;SEASHELLS;2052.0;1
377400;;;KELP;SEASHELLS;2054.0;1
377400;;;RAINFOREST_RESIN;SEASHELLS;10004.0;1
377600;;;KELP;SEASHELLS;2047.0;4
378000;;;RAINFOREST_RESIN;SEASHELLS;9998.0;1
378400;;;RAINFOREST_RESIN;SEASHELLS;10002.0;1
378400;;;RAINFOREST_RESIN;SEASHELLS;10002.0;3
378500;;;KELP;SEASHELLS;2053.0;1
378500;;;RAINFOREST_RESIN;SEASHELLS;10002.0;1
379100;;;KELP;SEASHELLS;2054.0;1
379400;;;KELP;SEASHELLS;2050.0;2
379500;;;KELP;SEASHELLS;2054.0;1
379600;;;KELP;SEASHELLS;2048.0;1
379800;;;KELP;SEASHELLS;2048.0;1
380200;;;KELP;SEASHELLS;2054.0;1
380900;;;KELP;SEASHELLS;2049.0;1
381100;;;RAINFOREST_RESIN;SEASHELLS;10002.0;4
381100;;;KELP;SEASHELLS;2049.0;1
381100;;;RAINFOREST_RESIN;SEASHELLS;10002.0;1
381300;;;RAINFOREST_RESIN;SEASHELLS;10004.0;1
381300;;;KELP;SEASHELLS;2056.0;1
381500;;;KELP;SEASHELLS;2055.0;1
381700;;;KELP;SEASHELLS;2051.0;1
381700;;;RAINFOREST_RESIN;SEASHELLS;9998.0;1
381800;;;RAINFOREST_RESIN;SEASHELLS;10005.0;1
381800;;;KELP;SEASHELLS;2055.0;1
381900;;;KELP;SEASHELLS;2050.0;1
382000;;;KELP;SEASHELLS;2055.0;1
382200;;;RAINFOREST_RESIN;SEASHELLS;9995.0;3
382500;;;RAINFOREST_RESIN;SEASHELLS;9998.0;1
383000;;;KELP;SEASHELLS;2050.0;15
383400;;;KELP;SEASHELLS;2054.0;3
383600;;;KELP;SEASHELLS;2055.0;1
383900;;;RAINFOREST_RESIN;SEASHELLS;10004.0;1
383900;;;KELP;SEASHELLS;2056.0;2
383900;;;RAINFOREST_RESIN;SEASHELLS;9998.0;4
383900;;;RAINFOREST_RESIN;SEASHELLS;10004.0;1
384000;;;KELP;SEASHELLS;2049.0;5
384200;;;KELP;SEASHELLS;2048.0;11
384600;;;KELP;SEASHELLS;2055.0;1
384600;;;RAINFOREST_RESIN;SEASHELLS;10005.0;1
384900;;;RAINFOREST_RESIN;SEASHELLS;9998.0;1
385000;;;RAINFOREST_RESIN;SEASHELLS;9995.0;1
385000;;;KELP;SEASHELLS;2048.0;1
385300;;;RAINFOREST_RESIN;SEASHELLS;10002.0;1
385300;;;KELP;SEASHELLS;2048.0;1
385300;;;RAINFOREST_RESIN;SEASHELLS;9995.0;1
385600;;;KELP;SEASHELLS;2054.0;1
385800;;;KELP;SEASHELLS;2055.0;1
385900;;;RAINFOREST_RESIN;SEASHELLS;10002.0;1
386100;;;RAINFOREST_RESIN;SEASHELLS;10002.0;1
386100;;;KELP;SEASHELLS;2054.0;5
386200;;;RAINFOREST_RESIN;SEASHELLS;10004.0;2
386200;;;KELP;SEASHELLS;2056.0;2
386300;;;KELP;SEASHELLS;2055.0;1
386400;;;RAINFOREST_RESIN;SEASHELLS;10002.0;2
386600;;;RAINFOREST_RESIN;SEASHELLS;9998.0;2
386700;;;RAINFOREST_RESIN;SEASHELLS;10004.0;2
386700;;;KELP;SEASHELLS;2056.0;2
386800;;;RAINFOREST_RESIN;SEASHELLS;10002.0;4
387700;;;KELP;SEASHELLS;2056.0;1
387900;;;KELP;SEASHELLS;2057.0;1
388000;;;RAINFOREST_RESIN;SEASHELLS;9998.0;2
388200;;;KELP;SEASHELLS;2057.0;8
388700;;;KELP;SEASHELLS;2054.0;1
388700;;;KELP;SEASHELLS;2054.0;11
389000;;;KELP;SEASHELLS;2060.0;1
389000;;;RAINFOREST_RESIN;SEASHELLS;10004.0;1
389200;;;KELP;SEASHELLS;2059.0;1
389300;;;RAINFOREST_RESIN;SEASHELLS;9996.0;2
389300;;;RAINFOREST_RESIN;SEASHELLS;9996.0;10
389400;;;RAINFOREST_RESIN;SEASHELLS;9995.0;1
389400;;;KELP;SEASHELLS;2061.0;13
389400;;;KELP;SEASHELLS;2055.0;1
389700;;;KELP;SEASHELLS;2056.0;3
389900;;;RAINFOREST_RESIN;SEASHELLS;10002.0;1
390200;;;RAINFOREST_RESIN;SEASHELLS;10004.0;1
390200;;;KELP;SEASHELLS;2061.0;1
390400;;;KELP;SEASHELLS;2057.0;6
390600;;;RAINFOREST_RESIN;SEASHELLS;9998.0;1
391200;;;KELP;SEASHELLS;2055.0;3
391500;;;RAINFOREST_RESIN;SEASHELLS;10005.0;8
391500;;;KELP;SEASHELLS;2053.0;1
392000;;;KELP;SEASHELLS;2054.0;2
392000;;;RAINFOREST_RESIN;SEASHELLS;9996.0;1
392000;;;RAINFOREST_RESIN;SEASHELLS;9996.0;1
392200;;;KELP;SEASHELLS;2053.0;1
392300;;;KELP;SEASHELLS;2058.0;4
392800;;;RAINFOREST_RESIN;SEASHELLS;10004.0;2
392800;;;KELP;SEASHELLS;2059.0;2
393000;;;RAINFOREST_RESIN;SEASHELLS;9998.0;1
393300;;;KELP;SEASHELLS;2058.0;3
393300;;;KELP;SEASHELLS;2059.0;1
393700;;;KELP;SEASHELLS;2060.0;6
393700;;;KELP;SEASHELLS;2060.0;1
393800;;;RAINFOREST_RESIN;SEASHELLS;9996.0;2
393800;;;KELP;SEASHELLS;2053.0;2
393800;;;RAINFOREST_RESIN;SEASHELLS;9998.0;1
394100;;;KELP;SEASHELLS;2060.0;2
394100;;;RAINFOREST_RESIN;SEASHELLS;9998.0;7
394100;;;RAINFOREST_RESIN;SEASHELLS;9998.0;1
394100;;;RAINFOREST_RESIN;SEASHELLS;9998.0;2
394200;;;RAINFOREST_RESIN;SEASHELLS;9998.0;1
394200;;;KELP;SEASHELLS;2053.0;1
394300;;;RAINFOREST_RESIN;SEASHELLS;10004.0;1
394300;;;KELP;SEASHELLS;2060.0;1
394600;;;KELP;SEASHELLS;2053.0;1
394600;;;RAINFOREST_RESIN;SEASHELLS;9995.0;2
395300;;;RAINFOREST_RESIN;SEASHELLS;9998.0;5
395400;;;KELP;SEASHELLS;2058.0;12
395600;;;KELP;SEASHELLS;2053.0;1
395600;;;RAINFOREST_RESIN;SEASHELLS;9998.0;1
395800;;;KELP;SEASHELLS;2059.0;10
396100;;;RAINFOREST_RESIN;SEASHELLS;9998.0;2
396200;;;KELP;SEASHELLS;2053.0;1
396200;;;RAINFOREST_RESIN;SEASHELLS;10005.0;8
396300;;;RAINFOREST_RESIN;SEASHELLS;10002.0;1
397000;;;KELP;SEASHELLS;2061.0;2
397000;;;RAINFOREST_RESIN;SEASHELLS;10004.0;1
397300;;;RAINFOREST_RESIN;SEASHELLS;10002.0;1
397600;;;RAINFOREST_RESIN;SEASHELLS;9995.0;2
397600;;;KELP;SEASHELLS;2054.0;2
397700;;;RAINFOREST_RESIN;SEASHELLS;9998.0;4
397700;;;KELP;SEASHELLS;2054.0;1
398000;;;RAINFOREST_RESIN;SEASHELLS;10004.0;1
398000;;;RAINFOREST_RESIN;SEASHELLS;10004.0;10
398400;;;RAINFOREST_RESIN;SEASHELLS;9998.0;1
398700;;;KELP;SEASHELLS;2054.0;1
399000;;;KELP;SEASHELLS;2059.0;1
399100;;;KELP;SEASHELLS;2054.0;1
399900;;;RAINFOREST_RESIN;SEASHELLS;9996.0;2
400000;;;KELP;SEASHELLS;2053.0;1
400300;;;KELP;SEASHELLS;2053.0;1
400700;;;KELP;SEASHELLS;2053.0;1
400800;;;KELP;SEASHELLS;2058.0;1
401100;;;RAINFOREST_RESIN;SEASHELLS;9996.0;2
401100;;;KELP;SEASHELLS;2052.0;2
401300;;;KELP;SEASHELLS;2053.0;1
402400;;;RAINFOREST_RESIN;SEASHELLS;10002.0;1
402600;;;KELP;SEASHELLS;2060.0;1
403400;;;RAINFOREST_RESIN;SEASHELLS;10002.0;1
403600;;;RAINFOREST_RESIN;SEASHELLS;10002.0;3
403600;;;RAINFOREST_RESIN;SEASHELLS;10002.0;2
404300;;;KELP;SEASHELLS;2060.0;1
404400;;;KELP;SEASHELLS;2054.0;1
404500;;;KELP;SEASHELLS;2061.0;2
404500;;;RAINFOREST_RESIN;SEASHELLS;10005.0;2
404700;;;RAINFOREST_RESIN;SEASHELLS;9996.0;7
404700;;;RAINFOREST_RESIN;SEASHELLS;9996.0;2
404700;;;KELP;SEASHELLS;2061.0;15
404800;;;RAINFOREST_RESIN;SEASHELLS;9995.0;10
405000;;;RAINFOREST_RESIN;SEASHELLS;10002.0;1
405000;;;KELP;SEASHELLS;2060.0;1
405300;;;RAINFOREST_RESIN;SEASHELLS;9998.0;1
405300;;;RAINFOREST_RESIN;SEASHELLS;9998.0;1
405600;;;RAINFOREST_RESIN;SEASHELLS;9995.0;3
405600;;;RAINFOREST_RESIN;SEASHELLS;9995.0;2
405600;;;KELP;SEASHELLS;2053.0;2
405600;;;RAINFOREST_RESIN;SEASHELLS;9996.0;10
405600;;;RAINFOREST_RESIN;SEASHELLS;9996.0;2
407600;;;RAINFOREST_RESIN;SEASHELLS;10004.0;2
407600;;;RAINFOREST_RESIN;SEASHELLS;10004.0;1
407600;;;KELP;SEASHELLS;2049.0;1
407600;;;KELP;SEASHELLS;2054.0;1
407700;;;RAINFOREST_RESIN;SEASHELLS;10002.0;3
408200;;;RAINFOREST_RESIN;SEASHELLS;9996.0;10
408200;;;KELP;SEASHELLS;2051.0;5
408200;;;RAINFOREST_RESIN;SEASHELLS;9996.0;1
408400;;;KELP;SEASHELLS;2055.0;2
408400;;;RAINFOREST_RESIN;SEASHELLS;9998.0;2
408600;;;KELP;SEASHELLS;2054.0;1
408600;;;RAINFOREST_RESIN;SEASHELLS;10004.0;1
409000;;;RAINFOREST_RESIN;SEASHELLS;10002.0;1
409100;;;KELP;SEASHELLS;2052.0;2
409400;;;KELP;SEASHELLS;2050.0;2
409400;;;KELP;SEASHELLS;2050.0;2
409400;;;RAINFOREST_RESIN;SEASHELLS;10000.0;2
410000;;;KELP;SEASHELLS;2048.0;1
410100;;;KELP;SEASHELLS;2048.0;2
410100;;;RAINFOREST_RESIN;SEASHELLS;9998.0;2
410200;;;RAINFOREST_RESIN;SEASHELLS;9998.0;1
410400;;;KELP;SEASHELLS;2047.0;8
410400;;;KELP;SEASHELLS;2047.0;1
410800;;;KELP;SEASHELLS;2047.0;2
410800;;;RAINFOREST_RESIN;SEASHELLS;10002.0;1
411200;;;KELP;SEASHELLS;2048.0;14
411400;;;KELP;SEASHELLS;2048.0;9
411400;;;KELP;SEASHELLS;2048.0;1
411500;;;RAINFOREST_RESIN;SEASHELLS;9998.0;2
411700;;;KELP;SEASHELLS;2054.0;1
411800;;;KELP;SEASHELLS;2053.0;1
411900;;;KELP;SEASHELLS;2053.0;1
412600;;;KELP;SEASHELLS;2054.0;2
413100;;;KELP;SEASHELLS;2046.0;12
413100;;;KELP;SEASHELLS;2046.0;1
413300;;;KELP;SEASHELLS;2051.0;1
413500;;;RAINFOREST_RESIN;SEASHELLS;10002.0;1
413800;;;RAINFOREST_RESIN;SEASHELLS;9996.0;2
414400;;;RAINFOREST_RESIN;SEASHELLS;10004.0;1
414400;;;KELP;SEASHELLS;2052.0;1
414600;;;RAINFOREST_RESIN;SEASHELLS;9998.0;1
414600;;;RAINFOREST_RESIN;SEASHELLS;9998.0;3
414600;;;KELP;SEASHELLS;2052.0;1
415000;;;RAINFOREST_RESIN;SEASHELLS;10002.0;3
415200;;;KELP;SEASHELLS;2049.0;1
415300;;;RAINFOREST_RESIN;SEASHELLS;9998.0;1
415600;;;RAINFOREST_RESIN;SEASHELLS;10005.0;2
415600;;;KELP;SEASHELLS;2051.0;2
415600;;;KELP;SEASHELLS;2044.0;1
415800;;;RAINFOREST_RESIN;SEASHELLS;9996.0;2
415800;;;RAINFOREST_RESIN;SEASHELLS;9996.0;6
416100;;;KELP;SEASHELLS;2050.0;1
416200;;;RAINFOREST_RESIN;SEASHELLS;9998.0;1
416600;;;RAINFOREST_RESIN;SEASHELLS;9996.0;5
416600;;;RAINFOREST_RESIN;SEASHELLS;9996.0;2
416800;;;RAINFOREST_RESIN;SEASHELLS;9996.0;1
416800;;;RAINFOREST_RESIN;SEASHELLS;9996.0;6
416800;;;RAINFOREST_RESIN;SEASHELLS;9996.0;1
416800;;;KELP;SEASHELLS;2053.0;1
417000;;;RAINFOREST_RESIN;SEASHELLS;9998.0;2
417100;;;KELP;SEASHELLS;2046.0;15
417300;;;RAINFOREST_RESIN;SEASHELLS;10002.0;1
417500;;;KELP;SEASHELLS;2045.0;1
417600;;;KELP;SEASHELLS;2047.0;1
417600;;;KELP;SEASHELLS;2047.0;4
418000;;;KELP;SEASHELLS;2045.0;4
418200;;;RAINFOREST_RESIN;SEASHELLS;9996.0;1
418200;;;RAINFOREST_RESIN;SEASHELLS;9996.0;1
418200;;;KELP;SEASHELLS;2046.0;2
418400;;;KELP;SEASHELLS;2053.0;2
418400;;;RAINFOREST_RESIN;SEASHELLS;10004.0;2
418800;;;KELP;SEASHELLS;2052.0;1
418900;;;RAINFOREST_RESIN;SEASHELLS;10005.0;10
418900;;;KELP;SEASHELLS;2046.0;1
418900;;;RAINFOREST_RESIN;SEASHELLS;9998.0;1
419600;;;KELP;SEASHELLS;2045.0;1
419600;;;RAINFOREST_RESIN;SEASHELLS;9996.0;1
419700;;;RAINFOREST_RESIN;SEASHELLS;10004.0;1
420000;;;KELP;SEASHELLS;2050.0;1
420200;;;RAINFOREST_RESIN;SEASHELLS;9995.0;2
420200;;;KELP;SEASHELLS;2050.0;1
420300;;;RAINFOREST_RESIN;SEASHELLS;10004.0;1
420300;;;RAINFOREST_RESIN;SEASHELLS;10004.0;8
420400;;;KELP;SEASHELLS;2050.0;1
420800;;;RAINFOREST_RESIN;SEASHELLS;9998.0;1
421400;;;RAINFOREST_RESIN;SEASHELLS;9996.0;2
421400;;;KELP;SEASHELLS;2046.0;2
422200;;;RAINFOREST_RESIN;SEASHELLS;10002.0;4
422300;;;KELP;SEASHELLS;2045.0;1
422600;;;KELP;SEASHELLS;2049.0;3
422700;;;KELP;SEASHELLS;2049.0;1
423300;;;RAINFOREST_RESIN;SEASHELLS;9998.0;1
423300;;;KELP;SEASHELLS;2051.0;10
423400;;;RAINFOREST_RESIN;SEASHELLS;9998.0;1
423700;;;KELP;SEASHELLS;2046.0;1
424800;;;RAINFOREST_RESIN;SEASHELLS;9995.0;6
425100;;;KELP;SEASHELLS;2051.0;1
425300;;;RAINFOREST_RESIN;SEASHELLS;9998.0;2
425500;;;KELP;SEASHELLS;2050.0;1
425700;;;KELP;SEASHELLS;2044.0;1
425800;;;RAINFOREST_RESIN;SEASHELLS;10000.0;4
425800;;;RAINFOREST_RESIN;SEASHELLS;9998.0;2
425800;;;KELP;SEASHELLS;2051.0;1
425800;;;KELP;SEASHELLS;2045.0;3
425800;;;RAINFOREST_RESIN;SEASHELLS;10000.0;1
425900;;;RAINFOREST_RESIN;SEASHELLS;9998.0;4
425900;;;RAINFOREST_RESIN;SEASHELLS;9998.0;1
426500;;;KELP;SEASHELLS;2049.0;1
426600;;;RAINFOREST_RESIN;SEASHELLS;9998.0;10
426800;;;KELP;SEASHELLS;2048.0;1
427100;;;KELP;SEASHELLS;2049.0;1
427500;;;RAINFOREST_RESIN;SEASHELLS;10002.0;8
427800;;;KELP;SEASHELLS;2044.0;1
428000;;;KELP;SEASHELLS;2044.0;12
428200;;;RAINFOREST_RESIN;SEASHELLS;10002.0;1
428300;;;RAINFOREST_RESIN;SEASHELLS;9998.0;2
428300;;;KELP;SEASHELLS;2045.0;1
428900;;;KELP;SEASHELLS;2045.0;1
429000;;;RAINFOREST_RESIN;SEASHELLS;10004.0;1
429100;;;KELP;SEASHELLS;2045.0;1
429100;;;RAINFOREST_RESIN;SEASHELLS;9996.0;1
429100;;;KELP;SEASHELLS;2045.0;1
429100;;;RAINFOREST_RESIN;SEASHELLS;9996.0;1
429600;;;RAINFOREST_RESIN;SEASHELLS;9996.0;1
429600;;;KELP;SEASHELLS;2050.0;1
429800;;;KELP;SEASHELLS;2046.0;1
429900;;;RAINFOREST_RESIN;SEASHELLS;9996.0;1
429900;;;KELP;SEASHELLS;2046.0;1
430000;;;KELP;SEASHELLS;2047.0;4
430200;;;RAINFOREST_RESIN;SEASHELLS;9998.0;1
430400;;;RAINFOREST_RESIN;SEASHELLS;10002.0;4
431100;;;KELP;SEASHELLS;2047.0;1
431400;;;KELP;SEASHELLS;2051.0;1
431500;;;KELP;SEASHELLS;2051.0;9
431900;;;RAINFOREST_RESIN;SEASHELLS;10002.0;1
433000;;;KELP;SEASHELLS;2055.0;1
433100;;;RAINFOREST_RESIN;SEASHELLS;10002.0;1
433100;;;KELP;SEASHELLS;2055.0;1
433500;;;RAINFOREST_RESIN;SEASHELLS;9996.0;2
433500;;;KELP;SEASHELLS;2050.0;2
433800;;;RAINFOREST_RESIN;SEASHELLS;10002.0;1
434500;;;KELP;SEASHELLS;2053.0;1
434500;;;KELP;SEASHELLS;2049.0;1
434500;;;RAINFOREST_RESIN;SEASHELLS;10004.0;1
434600;;;RAINFOREST_RESIN;SEASHELLS;9998.0;6
434600;;;RAINFOREST_RESIN;SEASHELLS;9998.0;3
434900;;;KELP;SEASHELLS;2049.0;1
434900;;;RAINFOREST_RESIN;SEASHELLS;9996.0;1
435000;;;RAINFOREST_RESIN;SEASHELLS;9998.0;1
435600;;;KELP;SEASHELLS;2049.0;1
435700;;;KELP;SEASHELLS;2049.0;1
435700;;;RAINFOREST_RESIN;SEASHELLS;10000.0;2
435700;;;KELP;SEASHELLS;2051.0;2
436400;;;KELP;SEASHELLS;2053.0;1
436500;;;RAINFOREST_RESIN;SEASHELLS;10002.0;1
436900;;;RAINFOREST_RESIN;SEASHELLS;10002.0;1
436900;;;KELP;SEASHELLS;2048.0;1
437000;;;KELP;SEASHELLS;2056.0;9
437300;;;KELP;SEASHELLS;2054.0;1
437300;;;RAINFOREST_RESIN;SEASHELLS;9996.0;1
437500;;;KELP;SEASHELLS;2048.0;9
437800;;;KELP;SEASHELLS;2051.0;5
438000;;;KELP;SEASHELLS;2049.0;1
438600;;;RAINFOREST_RESIN;SEASHELLS;9998.0;1
438600;;;KELP;SEASHELLS;2050.0;1
438600;;;KELP;SEASHELLS;2050.0;12
438700;;;KELP;SEASHELLS;2050.0;1
438700;;;RAINFOREST_RESIN;SEASHELLS;10002.0;1
438800;;;RAINFOREST_RESIN;SEASHELLS;9998.0;1
438800;;;KELP;SEASHELLS;2050.0;1
439000;;;KELP;SEASHELLS;2050.0;1
439100;;;KELP;SEASHELLS;2051.0;1
439300;;;RAINFOREST_RESIN;SEASHELLS;10004.0;1
439300;;;RAINFOREST_RESIN;SEASHELLS;10004.0;1
439300;;;KELP;SEASHELLS;2056.0;2
439500;;;RAINFOREST_RESIN;SEASHELLS;9998.0;2
439600;;;KELP;SEASHELLS;2056.0;12
439600;;;RAINFOREST_RESIN;SEASHELLS;10002.0;1
439600;;;KELP;SEASHELLS;2056.0;2
439700;;;RAINFOREST_RESIN;SEASHELLS;10002.0;1
439800;;;KELP;SEASHELLS;2051.0;1
440000;;;RAINFOREST_RESIN;SEASHELLS;10002.0;1
440000;;;KELP;SEASHELLS;2058.0;2
440100;;;RAINFOREST_RESIN;SEASHELLS;10002.0;4
441200;;;KELP;SEASHELLS;2050.0;1
441300;;;RAINFOREST_RESIN;SEASHELLS;10002.0;2
441400;;;KELP;SEASHELLS;2055.0;1
441700;;;KELP;SEASHELLS;2054.0;1
441700;;;RAINFOREST_RESIN;SEASHELLS;9998.0;1
441700;;;KELP;SEASHELLS;2055.0;2
442200;;;RAINFOREST_RESIN;SEASHELLS;10002.0;1
442400;;;RAINFOREST_RESIN;SEASHELLS;10002.0;2
442400;;;KELP;SEASHELLS;2054.0;1
442600;;;KELP;SEASHELLS;2049.0;10
443100;;;KELP;SEASHELLS;2047.0;14
443100;;;RAINFOREST_RESIN;SEASHELLS;10002.0;1
443300;;;KELP;SEASHELLS;2048.0;1
444000;;;KELP;SEASHELLS;2051.0;2
444500;;;KELP;SEASHELLS;2054.0;13
444600;;;KELP;SEASHELLS;2053.0;11
444700;;;RAINFOREST_RESIN;SEASHELLS;9996.0;5
444700;;;RAINFOREST_RESIN;SEASHELLS;9996.0;2
444800;;;KELP;SEASHELLS;2047.0;1
445100;;;KELP;SEASHELLS;2055.0;8
445200;;;KELP;SEASHELLS;2053.0;1
445200;;;RAINFOREST_RESIN;SEASHELLS;9995.0;1
445400;;;KELP;SEASHELLS;2054.0;1
445400;;;KELP;SEASHELLS;2054.0;6
445400;;;RAINFOREST_RESIN;SEASHELLS;9996.0;1
445700;;;RAINFOREST_RESIN;SEASHELLS;9998.0;1
445700;;;KELP;SEASHELLS;2050.0;2
446100;;;KELP;SEASHELLS;2050.0;1
446300;;;RAINFOREST_RESIN;SEASHELLS;9998.0;4
446400;;;RAINFOREST_RESIN;SEASHELLS;9998.0;1
446600;;;KELP;SEASHELLS;2053.0;1
446600;;;KELP;SEASHELLS;2051.0;4
446800;;;RAINFOREST_RESIN;SEASHELLS;10002.0;3
447000;;;KELP;SEASHELLS;2053.0;1
447100;;;KELP;SEASHELLS;2053.0;1
447200;;;KELP;SEASHELLS;2052.0;5
447800;;;RAINFOREST_RESIN;SEASHELLS;9998.0;2
447800;;;KELP;SEASHELLS;2049.0;1
447800;;;RAINFOREST_RESIN;SEASHELLS;9998.0;6
447900;;;KELP;SEASHELLS;2055.0;10
447900;;;RAINFOREST_RESIN;SEASHELLS;10002.0;1
447900;;;KELP;SEASHELLS;2054.0;1
448200;;;RAINFOREST_RESIN;SEASHELLS;10004.0;1
448200;;;KELP;SEASHELLS;2055.0;1
448400;;;RAINFOREST_RESIN;SEASHELLS;9998.0;1
448600;;;RAINFOREST_RESIN;SEASHELLS;10002.0;1
448800;;;KELP;SEASHELLS;2050.0;1
448800;;;RAINFOREST_RESIN;SEASHELLS;9998.0;1
449500;;;RAINFOREST_RESIN;SEASHELLS;10002.0;5
449500;;;RAINFOREST_RESIN;SEASHELLS;10002.0;1
449500;;;RAINFOREST_RESIN;SEASHELLS;10005.0;12
449700;;;RAINFOREST_RESIN;SEASHELLS;9998.0;9
449900;;;RAINFOREST_RESIN;SEASHELLS;9995.0;1
449900;;;KELP;SEASHELLS;2052.0;1
450100;;;KELP;SEASHELLS;2057.0;1
450700;;;RAINFOREST_RESIN;SEASHELLS;10004.0;5
450700;;;RAINFOREST_RESIN;SEASHELLS;10004.0;2
450700;;;RAINFOREST_RESIN;SEASHELLS;10002.0;1
450900;;;RAINFOREST_RESIN;SEASHELLS;9998.0;2
450900;;;RAINFOREST_RESIN;SEASHELLS;9998.0;1
450900;;;KELP;SEASHELLS;2052.0;2
451400;;;KELP;SEASHELLS;2052.0;4
451500;;;RAINFOREST_RESIN;SEASHELLS;9998.0;2
451500;;;KELP;SEASHELLS;2053.0;2
451600;;;KELP;SEASHELLS;2057.0;2
452000;;;RAINFOREST_RESIN;SEASHELLS;10002.0;3
452000;;;RAINFOREST_RESIN;SEASHELLS;10002.0;1
452100;;;KELP;SEASHELLS;2053.0;15
452300;;;KELP;SEASHELLS;2055.0;5
452500;;;KELP;SEASHELLS;2057.0;4
452900;;;KELP;SEASHELLS;2055.0;1
452900;;;KELP;SEASHELLS;2055.0;7
453300;;;RAINFOREST_RESIN;SEASHELLS;9998.0;1
453300;;;KELP;SEASHELLS;2055.0;1
453400;;;KELP;SEASHELLS;2060.0;1
453400;;;KELP;SEASHELLS;2059.0;2
453400;;;RAINFOREST_RESIN;SEASHELLS;10005.0;2
453700;;;KELP;SEASHELLS;2061.0;1
453800;;;KELP;SEASHELLS;2056.0;1
453900;;;KELP;SEASHELLS;2056.0;1
454100;;;KELP;SEASHELLS;2063.0;9
454500;;;RAINFOREST_RESIN;SEASHELLS;10002.0;1
454800;;;RAINFOREST_RESIN;SEASHELLS;9998.0;1
454800;;;KELP;SEASHELLS;2057.0;1
455000;;;KELP;SEASHELLS;2058.0;4
455200;;;RAINFOREST_RESIN;SEASHELLS;9996.0;1
455200;;;KELP;SEASHELLS;2057.0;1
455400;;;KELP;SEASHELLS;2060.0;4
455500;;;KELP;SEASHELLS;2061.0;1
455600;;;RAINFOREST_RESIN;SEASHELLS;10002.0;1
455700;;;RAINFOREST_RESIN;SEASHELLS;9998.0;1
455800;;;RAINFOREST_RESIN;SEASHELLS;9998.0;1
456500;;;KELP;SEASHELLS;2057.0;11
456700;;;RAINFOREST_RESIN;SEASHELLS;9998.0;2
457100;;;RAINFOREST_RESIN;SEASHELLS;9998.0;1
457900;;;KELP;SEASHELLS;2059.0;1
458800;;;KELP;SEASHELLS;2064.0;3
459200;;;RAINFOREST_RESIN;SEASHELLS;10002.0;2
459200;;;KELP;SEASHELLS;2066.0;2
459600;;;RAINFOREST_RESIN;SEASHELLS;10002.0;1
460000;;;RAINFOREST_RESIN;SEASHELLS;10004.0;1
460000;;;KELP;SEASHELLS;2065.0;1
460100;;;KELP;SEASHELLS;2064.0;1
460500;;;KELP;SEASHELLS;2064.0;1
460700;;;KELP;SEASHELLS;2059.0;8
461300;;;KELP;SEASHELLS;2066.0;1
461300;;;RAINFOREST_RESIN;SEASHELLS;9998.0;1
461500;;;KELP;SEASHELLS;2066.0;1
461500;;;RAINFOREST_RESIN;SEASHELLS;10002.0;3
462000;;;RAINFOREST_RESIN;SEASHELLS;9998.0;1
462300;;;RAINFOREST_RESIN;SEASHELLS;9996.0;1
462700;;;RAINFOREST_RESIN;SEASHELLS;10002.0;1
462900;;;RAINFOREST_RESIN;SEASHELLS;9998.0;2
462900;;;RAINFOREST_RESIN;SEASHELLS;9998.0;1
463000;;;KELP;SEASHELLS;2067.0;1
463000;;;RAINFOREST_RESIN;SEASHELLS;10002.0;1
463000;;;RAINFOREST_RESIN;SEASHELLS;10002.0;3
463000;;;RAINFOREST_RESIN;SEASHELLS;10004.0;1
463100;;;RAINFOREST_RESIN;SEASHELLS;9998.0;4
463300;;;KELP;SEASHELLS;2061.0;1
463800;;;RAINFOREST_RESIN;SEASHELLS;10002.0;1
464000;;;RAINFOREST_RESIN;SEASHELLS;9998.0;5
464300;;;KELP;SEASHELLS;2061.0;1
464500;;;RAINFOREST_RESIN;SEASHELLS;9998.0;3
464500;;;RAINFOREST_RESIN;SEASHELLS;10004.0;1
464500;;;KELP;SEASHELLS;2064.0;2
464500;;;RAINFOREST_RESIN;SEASHELLS;10004.0;1
464500;;;KELP;SEASHELLS;2065.0;10
464500;;;KELP;SEASHELLS;2067.0;2
464700;;;RAINFOREST_RESIN;SEASHELLS;10002.0;1
465000;;;RAINFOREST_RESIN;SEASHELLS;9998.0;3
465100;;;KELP;SEASHELLS;2066.0;9
465200;;;RAINFOREST_RESIN;SEASHELLS;9998.0;1
465600;;;RAINFOREST_RESIN;SEASHELLS;9996.0;1
465600;;;RAINFOREST_RESIN;SEASHELLS;9996.0;1
465600;;;KELP;SEASHELLS;2058.0;1
465600;;;KELP;SEASHELLS;2058.0;1
465700;;;KELP;SEASHELLS;2063.0;0
465700;;;KELP;SEASHELLS;2063.0;5
465700;;;KELP;SEASHELLS;2063.0;3
465700;;;KELP;SEASHELLS;2063.0;1
465800;;;RAINFOREST_RESIN;SEASHELLS;9998.0;1
466000;;;RAINFOREST_RESIN;SEASHELLS;9998.0;1
466200;;;RAINFOREST_RESIN;SEASHELLS;9995.0;2
466200;;;KELP;SEASHELLS;2058.0;2
466300;;;RAINFOREST_RESIN;SEASHELLS;10004.0;2
466400;;;RAINFOREST_RESIN;SEASHELLS;10002.0;1
466600;;;RAINFOREST_RESIN;SEASHELLS;9996.0;1
466600;;;KELP;SEASHELLS;2064.0;1
466800;;;RAINFOREST_RESIN;SEASHELLS;10002.0;1
466900;;;KELP;SEASHELLS;2059.0;1
466900;;;RAINFOREST_RESIN;SEASHELLS;9998.0;2
467000;;;KELP;SEASHELLS;2060.0;1
467200;;;RAINFOREST_RESIN;SEASHELLS;10002.0;1
467800;;;KELP;SEASHELLS;2062.0;3
467900;;;KELP;SEASHELLS;2057.0;1
468600;;;KELP;SEASHELLS;2063.0;14
468800;;;RAINFOREST_RESIN;SEASHELLS;10004.0;1
468800;;;RAINFOREST_RESIN;SEASHELLS;10004.0;2
469100;;;KELP;SEASHELLS;2062.0;1
469900;;;KELP;SEASHELLS;2059.0;3
469900;;;RAINFOREST_RESIN;SEASHELLS;10002.0;1
469900;;;KELP;SEASHELLS;2057.0;1
470000;;;RAINFOREST_RESIN;SEASHELLS;10004.0;1
470000;;;KELP;SEASHELLS;2061.0;2
470000;;;KELP;SEASHELLS;2063.0;1
470600;;;KELP;SEASHELLS;2055.0;1
470900;;;KELP;SEASHELLS;2059.0;1
471200;;;KELP;SEASHELLS;2061.0;8
471500;;;KELP;SEASHELLS;2059.0;2
471500;;;RAINFOREST_RESIN;SEASHELLS;10004.0;2
471600;;;KELP;SEASHELLS;2059.0;1
472300;;;RAINFOREST_RESIN;SEASHELLS;9998.0;1
472300;;;KELP;SEASHELLS;2055.0;2
472300;;;KELP;SEASHELLS;2054.0;1
472400;;;RAINFOREST_RESIN;SEASHELLS;9998.0;1
472500;;;KELP;SEASHELLS;2056.0;4
473000;;;KELP;SEASHELLS;2056.0;1
473100;;;KELP;SEASHELLS;2056.0;11
473100;;;RAINFOREST_RESIN;SEASHELLS;10004.0;2
473200;;;KELP;SEASHELLS;2057.0;1
473300;;;RAINFOREST_RESIN;SEASHELLS;10002.0;1
473300;;;RAINFOREST_RESIN;SEASHELLS;10002.0;1
473300;;;KELP;SEASHELLS;2063.0;2
